3592 5150
488 575 695 654 carun
731 565 1123 659 srcuuouu*
1240 534 1299 689 33'

285 719 1285 803 m

276 847 445 933 Ulricus
488 860 744 950 cognomento
788 846 878 926 Han
916 838 1003 955 sub
1046 843 1154 933 idam
1190 844 1302 958 ferei

276 983 436 1077 tempus
454 960 618 1074 formos
638 955 875 1054 librarios,
901 982 991 1043 rem
1015 958 1295 1066 trandum„

276 1103 559 1193 necunquam
575 1076 772 1170 Romanis
790 1072 921 1186 uisam
936 1129 950 1176 ‚
965 1128 967 1133 -
981 1080 1152 1163 Romam
1180 1098 1293 1167 attu.

277 1200 336 1283 tit
370 1207 459 1287 ὅτ.
995 1194 998 1201 ’
1295 1222 1302 1291 ζ

338 1318 528 1427 Denique
571 1315 613 1396 in
668 1308 1030 1422 subscriptionibus
1085 1311 1292 1404 librorum

278 1434 362 1545 jam
415 1436 468 1518 ab
510 1457 619 1516 anuo
674 1430 797 1539 1467.
838 1430 1052 1515 editorum
1092 1425 1328 1541 leguntur!

277 1554 431 1637 horum
481 1550 603 1635 trium
650 1548 1027 1658 Typographorunr
1086 1549 1294 1641 nomina.

277 1671 373 1755 Sine
403 1666 490 1751 ulla
533 1661 892 1750 verifiruilitudioe
935 1662 1193 1779 objiceretur
1231 1663 1295 1749 al·

278 1807 414 1873 rerum
453 1776 642 1870 exstitiffe
675 1780 881 1867 artificem
918 1780 977 1866 his
1011 1773 1301 1893 tribus-'prio'

279 1921 397 1999 reru,
424 1901 463 1981 St
497 1895 644 1982 frustra
673 1898 976 2007 produceretur
1018 1899 1148 1984 editio
1189 1900 1310 1985 anti-1

277 2018 396 2127 quior
437 2012 557 2113 illis,
600 2040 699 2127 quas
745 2017 787 2101 hi
835 2014 1109 2129 Typographi
1147 2016 1296 2126 vulga·

280 2154 379 2221 runt
407 2194 419 2218 .
452 2138 649 2230 Inuoco,
683 2158 788 2244 quae
828 2135 870 2219 in
918 2135 1020 2221 hanc
1068 2160 1157 2218 rem
1198 2128 1295 2219 affe·

279 2274 455 2349 runtur,
490 2249 749 2361 conjecturas
770 2248 843 2337 suo
867 2250 967 2340 loco
994 2245 1206 2341 refellam.
1230 2257 1293 2338 Ex

279 2371 341 2454 lris
371 2368 560 2452 omnibus
581 2370 920 2481 ergoprobatum
949 2387 1110 2469 manet,
1130 2372 1299 2456 *conta*

279 2486 377 2570 dum
399 2482 688 2596 sueynherm,
712 2486 949 2573 'Arnoldum
982 2490 1220 2590 Pannona,
1254 2492 1294 2574 δι

138 2671 143 2679 ,
279 2605 467 2688 Ulrirum
502 2605 598 2685 Han
626 2601 1077 2716 Germanos‚'prinros
1122 2606 1164 2688 in
1208 2609 1297 2691 Ita·

283 2719 384 2804 liam
409 2719 727 2831 Typographica
751 2718 892 2829 praela
927 2720 1158 2804 invexisle.·
1186 2725 1297 2812 Cum

278 2857 419 2922 autern
444 2862 493 2921 er
529 2837 589 2920 his
615 2835 747 2920 tribus
777 2838 1070 2950 Typographis
1098 2837 1202 2923 nihil
1221 2863 1302 2929 au·-

279 2973 323 3040 te
348 2981 500 3039 annum
539 2953 622 3064 146
625 2983 663 3059 5.
689 2949 868 3065 proferri
897 2952 1048 3064 possit,
1081 2955 1175 3041 hinc
1203 2977 1303 3044 ωλι·

280 3065 425 3156 nifeste
455 3069 702 3180 colligitur,
745 3070 1092 3184 Typographiam
1132 3076 1298 3162 Romae

279 3174 510 3275 iollitutalu
542 3181 682 3284 fuisse,
716 3210 916 3300 regnante
947 3187 1104 3274 summo
1143 3191 1296 3279 Ponti·

280 3305 360 3390 lice
394 3304 545 3390 Paullo
571 3308 666 3404 1l.,
700 3307 772 3419 qui
804 3327 986 3391 exeunte
1029 3333 1139 3392 anno
1170 3311 1296 3422 1464.

280 3424 332 3509 ad
377 3424 498 3507 Petra·
533 3420 788 3509 cathedram
834 3427 1000 3517 eredlus
1037 3425 1091 3509 est
1123 3457 1152 3506 ··
1178 3435 1297 3544 Qrae

280 3539 463 3624 comita
507 3539 613 3641 lint,
647 3566 723 3651 pro
763 3541 1009 3653 apocryphis
1042 3541 1183 3631 haberi
1215 3553 1300 3631 de·

105 3737 109 3744 ,
229 3729 232 3733 ,
281 3657 382 3740 beot
416 3655 650 3761 editiones,
689 3685 794 3768 quae
833 3659 1055 3744 hocanoo
1096 3665 1300 3776 antiquio·

281 3789 350 3854 res·
368 3769 742 3860 circumferuntur.
766 3775 876 3891 Qia
897 3797 999 3872 vero
1024 3775 1198 3878 Veneti,
1219 3784 1299 3865 Bo·

282 3884 524 4008 nonie‘oles,
554 3887 957 3996 &Mediolanenses
1001 3895 1222 3984 venditant
1253 3927 1306 4010 οη

662 4097 666 4103 ,
756 4012 858 4114 ,Ω
1117 4086 1148 4098 ..
1203 4013 1307 4135 pera'
