3592 5150
397 606 402 618 .
514 594 566 673 9⁰
670 566 737 639 DE
766 556 1124 635 TYPOGRAPHIA
1157 556 1373 642 ROMANA
1445 646 1447 651 ,

531 696 1513 779 w

517 824 645 909 vendi
670 818 942 926 adjumenta·
973 825 1067 942 Qra
1093 826 1147 913 de
1179 836 1307 920 causla
1338 836 1532 921 erudito-

516 968 610 1025 rum
636 935 695 1019 sui
729 932 975 1045 pnaesertim
1016 946 1218 1057 temporis
1256 978 1386 1062 opera
1419 951 1531 1063 typis

856 1086 860 1089 ·
1408 1097 1543 1155 man-f

514 1190 1533 1237 *ιι-ψ...

516 1304 621 1375 rtoster
646 1306 680 1371 itt
696 1306 855 1391 praedissa
877 1304 1101 1380 Praefatione,
1126 1304 1303 1371 PHILIPPI
1327 1280 1530 1373 Dominicani

384 1438 388 1447 ·
517 1403 677 1493 opusculis.
695 1405 832 1489 praefixa
862 1402 1040 1468 nullatenus
1065 1424 1140 1470 vero
1169 1406 1255 1470 suere
1292 1404 1530 1492 consanguinei.

430 1512 436 1519 '
516 1507 592 1597 Quo
611 1518 720 1567 autem
736 1521 820 1565 anno
838 1501 958 1566 obierit
974 1500 1181 1566 PHILIPPUS
1200 1504 1262 1567 DE
1278 1501 1531 1575 LlGNAMlNE,

515 1602 609 1669 nullo
630 1615 725 1664 certo
755 1602 951 1666 documento
976 1598 1088 1665 rescire
1114 1600 1241 1687 potui.
1272 1600 1389 1664 'filium
1424 1597 1532 1663 habuit

516 1698 645 1766 nomine
668 1692 897 1773 ANTONIUM
908 1742 920 1773 ‚
947 1700 985 1763 de
1017 1700 1138 1785 quoin
1165 1702 1308 1767 Chronico
1338 1699 1532 1765 Ricobuldlno

516 1802 592 1866 arni
617 1814 719 1869 1474·
750 1789 852 1856 sermo
876 1792 946 1858 cst:
972 1792 1050 1861 hunc
1071 1814 1178 1862 autem
1203 1796 1235 1861 in
1261 1796 1313 1860 sua
1337 1796 1440 1881 'patria
1472 1796 1532 1859 Ar-

519 1888 750 1979 chiepiscopum
771 1886 858 1954 suisse
881 1891 989 1957 scribit
1014 1892 1175 1957 ROCCUS
1199 1892 1392 1959 PYRRHUS
1417 1892 1451 1958 itt
1477 1912 1534 1956 no·

444 2026 448 2033 ·
517 1991 593 2055 titia
614 1984 769 2052 Ecclesiae
793 1984 988 2054 Messanensrt
1010 2012 1078 2078 pag.
1105 1998 1148 2072 3⁶
1156 2010 1185 2069 5.

566 2084 788 2158 JOHANNES
811 2086 1016 2151 PHILIPPUS
1039 2088 1102 2151 DE
1127 2087 1367 2156 LIGNAMINE
1389 2108 1452 2151 non
1473 2086 1536 2151 suit
1612 2162 1617 2171 x
1668 2042 1671 2049 ›

517 2200 646 2251 tantum
668 2182 800 2258 editor,
827 2182 880 2248 sed
903 2189 1010 2249 auslor
1026 2205 1155 2272 quoque
1177 2188 1338 2249 variorum
1360 2185 1534 2249 librorum.

505 2285 645 2349 'Praeter
671 2282 813 2347 eruditus
833 2281 1070 2355 Praefatioueu,
1095 2304 1174 2369 quas
1200 2284 1350 2367 operibus
1376 2282 1441 2346 ase
1468 2283 1538 2347 edi·

516 2380 561 2445 tis
584 2378 753 2466 praefixit,
780 2382 847 2443 dno
872 2376 1033 2463 sequentia
1061 2398 1157 2462 opera
1180 2378 1361 2443 elaboravit
1383 2422 1395 2452 ,
1422 2396 1535 2464 nempe

520 2500 553 2545 ι.
574 2480 827 2547 Continuotsonrm
858 2478 999 2544 Cbroulcl
1019 2476 1184 2541 sllussrlum
1209 2479 1377 2549 uirorum,
1403 2468 1535 2552 nckPonu

490 2581 630 2666 rr'ficum
653 2597 674 2641 a
695 2566 992 2639 RICOBALDINO
1020 2577 1174 2651 suchouti,
1202 2574 1279 2638 srcut
1314 2570 1379 2659 ipse
1406 2569 1537 2638 affirmat

516 2676 552 2742 itt
574 2673 771 2738 Praefatione
803 2669 923 2737 adhoc
944 2695 1049 2760 opus.
1078 2696 1109 2738 a.
1138 2671 1331 2762 Opusculum
1353 2677 1386 2741 de
1422 2675 1537 2761 constr·

516 2779 614 2842 vando
641 2773 774 2859 sanitate
786 2813 800 2844 ,
822 2772 977 2859 mediisque
998 2789 1056 2858 pro
1093 2792 1126 2838 er
1161 2774 1316 2840 obtinenda
1345 2763 1512 2839 adhibendis
1522 2813 1536 2844 ,

517 2873 606 2959 quod
628 2891 689 2934 una
713 2889 786 2934 cum
809 2866 953 2933 PETRO
974 2869 1036 2932 DE
1065 2868 1214 2933 ABANO
1234 2873 1267 2934 de
1288 2871 1430 2936 Rerurdr'ir
1456 2861 1550 2936 uene?

516 2989 620 3035 norrrnr
641 2965 792 3050 impressit
814 2985 898 3029 anuo
928 2987 1029 3046 1475·
1058 2967 1092 3029 in
1119 2995 1154 3041 4.
1181 2965 1265 3058 Quia
1301 2981 1409 3032 autern
1439 2965 1535 3030 variis

516 3060 722 3144 scriptoribus
743 3065 809 3125 duo
831 3060 906 3128 haec
943 3062 1096 3149 opuscula
1124 3064 1268 3128 manibus
1303 3067 1434 3128 trassare
1473 3082 1538 3126 non

517 3157 682 3246 contigit,
710 3157 786 3222 ideo
809 3159 863 3224 sul>
886 3159 981 3227 variis
1014 3160 1119 3225 titulis
1148 3164 1340 3237 laudantur,
1366 3159 1471 3246 sicque
1504 3181 1538 3224 o·

510 3275 592 3346 'pera
611 3251 701 3324 lOH.
715 3254 893 3322 PHILIPPI
916 3259 979 3322 DE
1003 3258 1243 3324 LlGNAMINE
1260 3257 1534 3344 multiplicantur.

516 3352 642 3418 Idcirco
657 3352 1003 3422 VANDERLINDEN
1028 3361 1072 3426 De
1085 3361 1212 3446 scriptis
1232 3360 1349 3424 medicis
1366 3373 1437 3446 pag.
1455 3363 1537 3422 661.

517 3446 586 3540 post
609 3449 843 3514 GESNERUM
869 3453 1064 3520 PHILIPPO
1089 3455 1203 3518 tribuit
1225 3449 1408 3540 opusculum
1427 3461 1459 3522 de
1492 3459 1537 3522 ci·

517 3555 576 3624 bo,
600 3548 636 3617 θ’
665 3561 741 3633 potu
774 3551 859 3614 utili·
871 3594 883 3624 ‚
917 3569 973 3618 aut
1006 3555 1106 3620 nocivo
1132 3557 1245 3620 hunnus
1270 3546 1446 3639 impressum
1474 3555 1540 3616 Ro·

515 3665 587 3714 rnae
600 3669 613 3727 3
638 3639 816 3733 qnod'non·
840 3647 928 3712 aliud
958 3643 1017 3714 effe
1037 3649 1166 3715 evidens
1191 3645 1261 3726 estss
1287 3671 1379 3736 quam
1399 3655 1539 3738 opusrde

514 3748 709 3834 conservanda
739 3745 871 3830 sanitate
896 3745 1053 3811 ‚Pariter
1091 3744 1354 3812 MONGITORE
1389 3753 1538 3818 Bibliotb.

517 3845 639 3930 ,Siculae
667 3842 749 3912 Tem.
766 3846 791 3910 1.
825 3859 896 3933 pag·
920 3852 1000 3926 3⁶²·
1026 3842 1205 3914 Chronicon
1238 3867 1334 3910 unum
1368 3846 1424 3934 ipsr
1446 3847 1537 3926 'adju-

515 3941 607 4029 dicat
620 3984 635 4018 ,
658 3945 746 4030 quod
771 3963 790 4006 a
813 3939 963 4012 chronici
990 3941 1192 4019 Ricobaldini
1216 3945 1455 4014 continuatione
1470 3959 1533 4008 non

922 4045 923 4048 ’
1283 4053 1291 4066 ‘
1430 4042 1531 4110 discr·

1301 4247 1320 4284 θ
