<?xml version="1.0" encoding="UTF-8"?>
<!DOCTYPE html PUBLIC "-//W3C//DTD XHTML 1.0 Transitional//EN"
    "http://www.w3.org/TR/xhtml1/DTD/xhtml1-transitional.dtd">
<html xmlns="http://www.w3.org/1999/xhtml" xml:lang="en" lang="en">
 <head>
  <title>
</title>
<meta http-equiv="Content-Type" content="text/html;charset=utf-8" />
  <meta name='ocr-system' content='tesseract 3.04.00' />
  <meta name='ocr-capabilities' content='ocr_page ocr_carea ocr_par ocr_line ocrx_word'/>
</head>
<body>
  <div class='ocr_page' id='page_1' title='image "./specimenhistori01lairgoog_0120.png"; bbox 0 0 3592 5150; ppageno 0'>
   <div class='ocr_carea' id='block_1_1' title="bbox 262 552 1409 697">
    <p class='ocr_par' dir='ltr' id='par_1_1' title="bbox 262 552 1409 697">
     <span class='ocr_line' id='line_1_1' title="bbox 262 552 1409 697; baseline -0.024 -9"><span class='ocrx_word' id='word_1_1' title='bbox 262 587 271 600; x_wconf 82' lang='lat'>&#39;</span> <span class='ocrx_word' id='word_1_2' title='bbox 376 552 1090 697; x_wconf 58' lang='lat' dir='ltr'><em>sunnurernrun</em></span> <span class='ocrx_word' id='word_1_3' title='bbox 1255 610 1322 667; x_wconf 67' lang='grc' dir='ltr'><em>»οι</em></span> <span class='ocrx_word' id='word_1_4' title='bbox 1407 671 1409 677; x_wconf 58' lang='grc'>,</span> 
     </span>
    </p>
   </div>
   <div class='ocr_carea' id='block_1_2' title="bbox 308 730 1372 820">
    <p class='ocr_par' dir='ltr' id='par_1_2' title="bbox 308 730 1372 820">
     <span class='ocr_line' id='line_1_2' title="bbox 308 730 1372 820; baseline -0.023 2"><span class='ocrx_word' id='word_1_5' title='bbox 308 730 1325 820; x_wconf 46' lang='grc' dir='ltr'><em>εις-ι</em></span> <span class='ocrx_word' id='word_1_6' title='bbox 1364 786 1372 793; x_wconf 70' lang='grc'>,</span> 
     </span>
    </p>
   </div>
   <div class='ocr_carea' id='block_1_3' title="bbox 307 857 1332 973">
    <p class='ocr_par' dir='ltr' id='par_1_3' title="bbox 307 857 1332 973">
     <span class='ocr_line' id='line_1_3' title="bbox 307 857 1332 973; baseline -0.015 -18"><span class='ocrx_word' id='word_1_7' title='bbox 307 871 556 963; x_wconf 85' lang='lat' dir='ltr'><em>Culdcrini,</em></span> <span class='ocrx_word' id='word_1_8' title='bbox 586 878 691 973; x_wconf 73' lang='lat' dir='ltr'><em>quu‘e</em></span> <span class='ocrx_word' id='word_1_9' title='bbox 716 858 810 943; x_wconf 88' lang='lat' dir='ltr'><em>huic</em></span> <span class='ocrx_word' id='word_1_10' title='bbox 837 857 974 940; x_wconf 86' lang='lat' dir='ltr'><em>eidem</em></span> <span class='ocrx_word' id='word_1_11' title='bbox 999 857 1177 941; x_wconf 88' lang='lat' dir='ltr'><em>editioni</em></span> <span class='ocrx_word' id='word_1_12' title='bbox 1204 884 1332 969; x_wconf 65' lang='lat' dir='ltr'><em>prae⁸¹</em></span> 
     </span>
    </p>
   </div>
   <div class='ocr_carea' id='block_1_4' title="bbox 225 971 1325 1088">
    <p class='ocr_par' dir='ltr' id='par_1_4' title="bbox 225 971 1325 1088">
     <span class='ocr_line' id='line_1_4' title="bbox 225 971 1325 1088; baseline -0.02 -10"><span class='ocrx_word' id='word_1_13' title='bbox 225 979 228 986; x_wconf 43' lang='lat'><strong><em>¹</em></strong></span> <span class='ocrx_word' id='word_1_14' title='bbox 307 987 514 1077; x_wconf 79' lang='lat' dir='ltr'><em>mittenda</em></span> <span class='ocrx_word' id='word_1_15' title='bbox 542 1002 674 1076; x_wconf 83' lang='lat' dir='ltr'><em>erat‚-</em></span> <span class='ocrx_word' id='word_1_16' title='bbox 696 975 765 1061; x_wconf 87' lang='lat' dir='ltr'><em>sed</em></span> <span class='ocrx_word' id='word_1_17' title='bbox 797 1000 903 1088; x_wconf 83' lang='lat' dir='ltr'><em>quae</em></span> <span class='ocrx_word' id='word_1_18' title='bbox 937 971 1158 1059; x_wconf 86' lang='lat' dir='ltr'><em>Celderini</em></span> <span class='ocrx_word' id='word_1_19' title='bbox 1183 994 1325 1079; x_wconf 70' lang='lat' dir='ltr'><em>morte</em></span> 
     </span>
    </p>
   </div>
   <div class='ocr_carea' id='block_1_5' title="bbox 303 1084 1330 1671">
    <p class='ocr_par' dir='ltr' id='par_1_5' title="bbox 303 1084 1329 1563">
     <span class='ocr_line' id='line_1_5' title="bbox 304 1084 1325 1224; baseline -0.016 -35"><span class='ocrx_word' id='word_1_20' title='bbox 304 1107 472 1224; x_wconf 80' lang='lat' dir='ltr'><em>praevia</em></span> <span class='ocrx_word' id='word_1_21' title='bbox 502 1090 705 1207; x_wconf 82' lang='lat' dir='ltr'><em>supprella</em></span> <span class='ocrx_word' id='word_1_22' title='bbox 733 1092 814 1177; x_wconf 83' lang='lat' dir='ltr'><em>est.</em></span> <span class='ocrx_word' id='word_1_23' title='bbox 845 1094 961 1176; x_wconf 84' lang='lat' dir='ltr'><em>Hanc</em></span> <span class='ocrx_word' id='word_1_24' title='bbox 998 1108 1141 1177; x_wconf 82' lang='lat' dir='ltr'><em>autern</em></span> <span class='ocrx_word' id='word_1_25' title='bbox 1173 1084 1325 1177; x_wconf 86' lang='lat' dir='ltr'><em>retulit</em></span> 
     </span>
     <span class='ocr_line' id='line_1_6' title="bbox 306 1206 1329 1329; baseline -0.02 -18"><span class='ocrx_word' id='word_1_26' title='bbox 306 1244 355 1311; x_wconf 80' lang='lat' dir='ltr'><em>ex</em></span> <span class='ocrx_word' id='word_1_27' title='bbox 380 1218 641 1329; x_wconf 83' lang='lat' dir='ltr'><em>autographo</em></span> <span class='ocrx_word' id='word_1_28' title='bbox 672 1211 809 1322; x_wconf 78' lang='lat' dir='ltr'><em>Scipio</em></span> <span class='ocrx_word' id='word_1_29' title='bbox 830 1208 1040 1319; x_wconf 78' lang='lat' dir='ltr'><em>Maſjciur</em></span> <span class='ocrx_word' id='word_1_30' title='bbox 1066 1210 1247 1305; x_wconf 82' lang='lat' dir='ltr'><em>Veronae</em></span> <span class='ocrx_word' id='word_1_31' title='bbox 1270 1206 1329 1291; x_wconf 54' lang='lat' dir='ltr'><em>ila</em></span> 
     </span>
     <span class='ocr_line' id='line_1_7' title="bbox 303 1320 1328 1447; baseline -0.016 -24"><span class='ocrx_word' id='word_1_32' title='bbox 303 1336 416 1447; x_wconf 77' lang='lat' dir='ltr'><em>lustr.</em></span> <span class='ocrx_word' id='word_1_33' title='bbox 457 1343 573 1421; x_wconf 84' lang='lat' dir='ltr'><em>Part.</em></span> <span class='ocrx_word' id='word_1_34' title='bbox 602 1335 658 1414; x_wconf 89' lang='lat' dir='ltr'><em>ll.</em></span> <span class='ocrx_word' id='word_1_35' title='bbox 675 1349 776 1442; x_wconf 87' lang='lat' dir='ltr'><em>pag.</em></span> <span class='ocrx_word' id='word_1_36' title='bbox 799 1330 898 1412; x_wconf 83' lang='lat'>218.</span> <span class='ocrx_word' id='word_1_37' title='bbox 923 1324 1025 1407; x_wconf 87' lang='lat' dir='ltr'><em>edic.</em></span> <span class='ocrx_word' id='word_1_38' title='bbox 1054 1328 1101 1405; x_wconf 87' lang='lat' dir='ltr'><em>in</em></span> <span class='ocrx_word' id='word_1_39' title='bbox 1126 1327 1166 1405; x_wconf 89' lang='lat'><em>8.</em></span> <span class='ocrx_word' id='word_1_40' title='bbox 1194 1320 1328 1440; x_wconf 77' lang='lat'><em>(126)</em></span> 
     </span>
     <span class='ocr_line' id='line_1_8' title="bbox 303 1440 1327 1563; baseline -0.021 -18"><span class='ocrx_word' id='word_1_41' title='bbox 303 1457 489 1563; x_wconf 71' lang='lat' dir='ltr'><em>&amp;iuxta</em></span> <span class='ocrx_word' id='word_1_42' title='bbox 517 1449 675 1538; x_wconf 78' lang='lat' dir='ltr'><em>eadem</em></span> <span class='ocrx_word' id='word_1_43' title='bbox 709 1460 986 1529; x_wconf 82' lang='lat' dir='ltr'><em>monumenta</em></span> <span class='ocrx_word' id='word_1_44' title='bbox 1011 1491 1025 1538; x_wconf 64' lang='lat'>2</span> <span class='ocrx_word' id='word_1_45' title='bbox 1061 1440 1250 1525; x_wconf 84' lang='lat' dir='ltr'><em>triennio</em></span> <span class='ocrx_word' id='word_1_46' title='bbox 1278 1446 1327 1523; x_wconf 84' lang='lat' dir='ltr'><em>irc</em></span> 
     </span>
    </p>

    <p class='ocr_par' dir='ltr' id='par_1_6' title="bbox 421 1556 1330 1671">
     <span class='ocr_line' id='line_1_9' title="bbox 421 1556 1330 1671; baseline -0.019 -14"><span class='ocrx_word' id='word_1_47' title='bbox 421 1612 424 1617; x_wconf 95' lang='lat'><em>·</em></span> <span class='ocrx_word' id='word_1_48' title='bbox 768 1566 809 1649; x_wconf 89' lang='lat' dir='ltr'>G</span> <span class='ocrx_word' id='word_1_49' title='bbox 841 1586 866 1671; x_wconf 83' lang='lat'><em>3</em></span> <span class='ocrx_word' id='word_1_50' title='bbox 1199 1580 1211 1626; x_wconf 67' lang='lat'><strong>2</strong></span> <span class='ocrx_word' id='word_1_51' title='bbox 1258 1556 1330 1641; x_wconf 80' lang='lat' dir='ltr'><em>hoo</em></span> 
     </span>
    </p>
   </div>
   <div class='ocr_carea' id='block_1_6' title="bbox 199 1702 1410 1762">
    <p class='ocr_par' dir='ltr' id='par_1_7' title="bbox 199 1702 1410 1762">
     <span class='ocr_line' id='line_1_10' title="bbox 199 1702 1410 1762; baseline -0.022 -24"><span class='ocrx_word' id='word_1_52' title='bbox 199 1758 205 1762; x_wconf 15' lang='lat'><strong>¹</strong></span> <span class='ocrx_word' id='word_1_53' title='bbox 417 1721 480 1755; x_wconf 84' lang='grc'><em>,,</em></span> <span class='ocrx_word' id='word_1_54' title='bbox 610 1719 647 1745; x_wconf 87' lang='grc'><em>,,</em></span> <span class='ocrx_word' id='word_1_55' title='bbox 1407 1702 1410 1711; x_wconf 96' lang='grc'>.</span> 
     </span>
    </p>
   </div>
   <div class='ocr_carea' id='block_1_7' title="bbox 306 1803 1329 1899">
    <p class='ocr_par' dir='ltr' id='par_1_8' title="bbox 306 1803 1329 1899">
     <span class='ocr_line' id='line_1_11' title="bbox 306 1803 1329 1899; baseline -0.023 -6"><span class='ocrx_word' id='word_1_56' title='bbox 306 1831 340 1893; x_wconf 79' lang='lat' dir='ltr'><em>ie</em></span> <span class='ocrx_word' id='word_1_57' title='bbox 363 1822 507 1889; x_wconf 78' lang='lat' dir='ltr'><em>adhibitis</em></span> <span class='ocrx_word' id='word_1_58' title='bbox 525 1819 734 1884; x_wconf 66' lang='lat' dir='ltr'><em>mathematicis</em></span> <span class='ocrx_word' id='word_1_59' title='bbox 758 1812 867 1886; x_wconf 81' lang='lat' dir='ltr'><em>uir-ic,</em></span> <span class='ocrx_word' id='word_1_60' title='bbox 890 1809 1118 1899; x_wconf 75' lang='lat' dir='ltr'><em>quemadmodum</em></span> <span class='ocrx_word' id='word_1_61' title='bbox 1143 1803 1255 1869; x_wconf 74' lang='lat' dir='ltr'><em>cunulis</em></span> <span class='ocrx_word' id='word_1_62' title='bbox 1280 1824 1329 1870; x_wconf 81' lang='lat' dir='ltr'><em>ae·</em></span> 
     </span>
    </p>
   </div>
   <div class='ocr_carea' id='block_1_8' title="bbox 308 1893 1530 2004">
    <p class='ocr_par' dir='ltr' id='par_1_9' title="bbox 308 1893 1530 2004">
     <span class='ocr_line' id='line_1_12' title="bbox 308 1893 1530 2004; baseline -0.024 -14"><span class='ocrx_word' id='word_1_63' title='bbox 308 1924 370 1990; x_wconf 80' lang='lat' dir='ltr'><em>nris</em></span> <span class='ocrx_word' id='word_1_64' title='bbox 393 1922 659 2004; x_wconf 71' lang='lat' dir='ltr'><em>imprimerentur,</em></span> <span class='ocrx_word' id='word_1_65' title='bbox 685 1916 819 1986; x_wconf 78' lang='lat' dir='ltr'><em>edocuit,</em></span> <span class='ocrx_word' id='word_1_66' title='bbox 844 1908 1026 1993; x_wconf 77' lang='lat' dir='ltr'><em>triennioque</em></span> <span class='ocrx_word' id='word_1_67' title='bbox 1041 1905 1074 1967; x_wconf 89' lang='lat' dir='ltr'><em>in</em></span> <span class='ocrx_word' id='word_1_68' title='bbox 1099 1905 1152 1969; x_wconf 86' lang='lat' dir='ltr'><em>bac</em></span> <span class='ocrx_word' id='word_1_69' title='bbox 1174 1919 1327 1975; x_wconf 82' lang='lat' dir='ltr'><em>curacon·</em></span> <span class='ocrx_word' id='word_1_70' title='bbox 1406 1980 1412 1990; x_wconf 26' lang='lat' dir='ltr'><strong><em>s</em></strong></span> <span class='ocrx_word' id='word_1_71' title='bbox 1525 1893 1530 1909; x_wconf 82' lang='lat'><strong>‘</strong></span> 
     </span>
    </p>
   </div>
   <div class='ocr_carea' id='block_1_9' title="bbox 303 2001 1399 2108">
    <p class='ocr_par' dir='ltr' id='par_1_10' title="bbox 303 2001 1399 2108">
     <span class='ocr_line' id='line_1_13' title="bbox 303 2001 1399 2108; baseline -0.022 -26"><span class='ocrx_word' id='word_1_72' title='bbox 303 2023 426 2108; x_wconf 77' lang='lat' dir='ltr'><em>sumpta</em></span> <span class='ocrx_word' id='word_1_73' title='bbox 448 2020 521 2083; x_wconf 85' lang='lat' dir='ltr'><em>diem</em></span> <span class='ocrx_word' id='word_1_74' title='bbox 534 2017 649 2089; x_wconf 88' lang='lat' dir='ltr'><em>obiit,.</em></span> <span class='ocrx_word' id='word_1_75' title='bbox 662 2016 695 2078; x_wconf 89' lang='lat' dir='ltr'><em>in</em></span> <span class='ocrx_word' id='word_1_76' title='bbox 716 2018 798 2102; x_wconf 75' lang='lat' dir='ltr'><em>cujus</em></span> <span class='ocrx_word' id='word_1_77' title='bbox 823 2010 1012 2096; x_wconf 75' lang='lat' dir='ltr'><em>uigiliarum,</em></span> <span class='ocrx_word' id='word_1_78' title='bbox 1041 2001 1231 2089; x_wconf 80' lang='lat' dir='ltr'><em>laborumque</em></span> <span class='ocrx_word' id='word_1_79' title='bbox 1250 2015 1325 2085; x_wconf 84' lang='lat' dir='ltr'><em>par·</em></span> <span class='ocrx_word' id='word_1_80' title='bbox 1397 2023 1399 2025; x_wconf 94' lang='lat'>·</span> 
     </span>
    </p>
   </div>
   <div class='ocr_carea' id='block_1_10' title="bbox 268 2084 1325 2198">
    <p class='ocr_par' dir='ltr' id='par_1_11' title="bbox 268 2084 1325 2198">
     <span class='ocr_line' id='line_1_14' title="bbox 268 2084 1325 2198; baseline -0.026 -15"><span class='ocrx_word' id='word_1_81' title='bbox 268 2141 272 2149; x_wconf 84' lang='grc'>’</span> <span class='ocrx_word' id='word_1_82' title='bbox 305 2134 364 2183; x_wconf 88' lang='lat' dir='ltr'><em>cern</em></span> <span class='ocrx_word' id='word_1_83' title='bbox 387 2136 442 2181; x_wconf 89' lang='lat' dir='ltr'><em>non</em></span> <span class='ocrx_word' id='word_1_84' title='bbox 464 2107 601 2198; x_wconf 66' lang='lat' dir='ltr'><em>inferiori</em></span> <span class='ocrx_word' id='word_1_85' title='bbox 635 2114 787 2198; x_wconf 85' lang='lat' dir='ltr'><em>ingenio,</em></span> <span class='ocrx_word' id='word_1_86' title='bbox 821 2129 853 2172; x_wconf 91' lang='lat' dir='ltr'><em>ac</em></span> <span class='ocrx_word' id='word_1_87' title='bbox 879 2102 971 2173; x_wconf 80' lang='lat' dir='ltr'><em>iiudio</em></span> <span class='ocrx_word' id='word_1_88' title='bbox 996 2094 1226 2163; x_wconf 84' lang='lat' dir='ltr'>ARNOLDUS</span> <span class='ocrx_word' id='word_1_89' title='bbox 1255 2084 1325 2157; x_wconf 87' lang='lat' dir='ltr'><em>BU-</em></span> 
     </span>
    </p>
   </div>
   <div class='ocr_carea' id='block_1_11' title="bbox 305 2191 1333 2890">
    <p class='ocr_par' dir='ltr' id='par_1_12' title="bbox 305 2191 1333 2401">
     <span class='ocr_line' id='line_1_15' title="bbox 305 2191 1323 2295; baseline -0.021 -16"><span class='ocrx_word' id='word_1_90' title='bbox 305 2209 414 2279; x_wconf 82' lang='lat' dir='ltr'>KINK</span> <span class='ocrx_word' id='word_1_91' title='bbox 438 2232 452 2277; x_wconf 90' lang='lat' dir='ltr'><em>e</em></span> <span class='ocrx_word' id='word_1_92' title='bbox 476 2206 633 2277; x_wconf 83' lang='lat' dir='ltr'><em>Germania</em></span> <span class='ocrx_word' id='word_1_93' title='bbox 655 2212 709 2275; x_wconf 85' lang='lat' dir='ltr'><em>uir</em></span> <span class='ocrx_word' id='word_1_94' title='bbox 739 2208 870 2295; x_wconf 85' lang='lat' dir='ltr'><em>apprime</em></span> <span class='ocrx_word' id='word_1_95' title='bbox 905 2202 1036 2272; x_wconf 86' lang='lat' dir='ltr'><em>eruditus</em></span> <span class='ocrx_word' id='word_1_96' title='bbox 1060 2198 1098 2261; x_wconf 90' lang='lat' dir='ltr'><em>ad</em></span> <span class='ocrx_word' id='word_1_97' title='bbox 1130 2191 1323 2281; x_wconf 84' lang='lat' dir='ltr'><em>inpersciinnc</em></span> 
     </span>
     <span class='ocr_line' id='line_1_16' title="bbox 307 2304 1333 2401; baseline -0.022 -22"><span class='ocrx_word' id='word_1_98' title='bbox 307 2325 377 2401; x_wconf 78' lang='lat' dir='ltr'><em>opus</em></span> <span class='ocrx_word' id='word_1_99' title='bbox 395 2310 607 2399; x_wconf 76' lang='lat' dir='ltr'><em>succedens.···</em></span> <span class='ocrx_word' id='word_1_100' title='bbox 624 2352 633 2369; x_wconf 88' lang='lat'><strong>.</strong></span> <span class='ocrx_word' id='word_1_101' title='bbox 649 2351 659 2370; x_wconf 87' lang='lat'><strong>.</strong></span> <span class='ocrx_word' id='word_1_102' title='bbox 678 2304 824 2393; x_wconf 80' lang='lat' dir='ltr'><em>perfecit.</em></span> <span class='ocrx_word' id='word_1_103' title='bbox 1239 2314 1242 2321; x_wconf 57' lang='lat'><strong>⁴</strong></span> <span class='ocrx_word' id='word_1_104' title='bbox 1294 2334 1295 2339; x_wconf 23' lang='grc' dir='ltr'><strong>κ</strong></span> <span class='ocrx_word' id='word_1_105' title='bbox 1331 2344 1333 2349; x_wconf 95' lang='grc'>.</span> 
     </span>
    </p>

    <p class='ocr_par' dir='ltr' id='par_1_13' title="bbox 306 2392 1327 2890">
     <span class='ocr_line' id='line_1_17' title="bbox 357 2392 1326 2497; baseline -0.01 -26"><span class='ocrx_word' id='word_1_106' title='bbox 357 2402 464 2497; x_wconf 80' lang='lat'>(126)</span> <span class='ocrx_word' id='word_1_107' title='bbox 491 2399 668 2467; x_wconf 84' lang='lat' dir='ltr'>DOMITH</span> <span class='ocrx_word' id='word_1_108' title='bbox 694 2400 931 2467; x_wconf 78' lang='lat' dir='ltr'>CALDERINI</span> <span class='ocrx_word' id='word_1_109' title='bbox 967 2394 1131 2467; x_wconf 82' lang='lat' dir='ltr'><em>Scrrctcre&#39;i</em></span> <span class='ocrx_word' id='word_1_110' title='bbox 1164 2392 1326 2484; x_wconf 79' lang='lat' dir='ltr'><em>Apofiolici</em></span> 
     </span>
     <span class='ocr_line' id='line_1_18' title="bbox 306 2487 1327 2584; baseline -0.026 -4"><span class='ocrx_word' id='word_1_111' title='bbox 306 2507 570 2580; x_wconf 82' lang='lat' dir='ltr'><em>inemendationem</em></span> <span class='ocrx_word' id='word_1_112' title='bbox 583 2504 758 2569; x_wconf 85' lang='lat' dir='ltr'><em>tobcclarum</em></span> <span class='ocrx_word' id='word_1_113' title='bbox 775 2495 1025 2565; x_wconf 83' lang='lat' dir='ltr'><strong>PTOLEMAEI</strong></span> <span class='ocrx_word' id='word_1_114' title='bbox 1046 2496 1084 2560; x_wconf 91' lang='lat' dir='ltr'><em>ad</em></span> <span class='ocrx_word' id='word_1_115' title='bbox 1100 2490 1258 2584; x_wconf 77' lang='lat' dir='ltr'>XlSTUM</span> <span class='ocrx_word' id='word_1_116' title='bbox 1269 2487 1327 2554; x_wconf 89' lang='lat' dir='ltr'><em>IV.</em></span> 
     </span>
     <span class='ocr_line' id='line_1_19' title="bbox 306 2584 1326 2678; baseline -0.028 0"><span class='ocrx_word' id='word_1_117' title='bbox 306 2608 394 2678; x_wconf 72' lang='lat' dir='ltr'><em>Pont-</em></span> <span class='ocrx_word' id='word_1_118' title='bbox 413 2605 503 2670; x_wconf 84' lang='lat' dir='ltr'><em>Mane.</em></span> <span class='ocrx_word' id='word_1_119' title='bbox 537 2601 583 2666; x_wconf 72' lang='lat' dir='ltr'><em>ire</em></span> <span class='ocrx_word' id='word_1_120' title='bbox 609 2597 703 2666; x_wconf 84' lang='lat' dir='ltr'><em>habet</em></span> <span class='ocrx_word' id='word_1_121' title='bbox 740 2599 881 2677; x_wconf 80' lang='lat' dir='ltr'><em>titulus3</em></span> <span class='ocrx_word' id='word_1_122' title='bbox 908 2597 1022 2662; x_wconf 88' lang='lat' dir='ltr'><em>deinde</em></span> <span class='ocrx_word' id='word_1_123' title='bbox 1057 2584 1209 2654; x_wconf 82' lang='lat' dir='ltr'><em>exhibitis</em></span> <span class='ocrx_word' id='word_1_124' title='bbox 1235 2609 1326 2677; x_wconf 83' lang='lat' dir='ltr'><em>prae-</em></span> 
     </span>
     <span class='ocr_line' id='line_1_20' title="bbox 306 2681 1325 2776; baseline -0.018 -7"><span class='ocrx_word' id='word_1_125' title='bbox 306 2702 441 2776; x_wconf 83' lang='lat' dir='ltr'><em>stantia,</em></span> <span class='ocrx_word' id='word_1_126' title='bbox 466 2698 500 2764; x_wconf 76' lang='grc' dir='ltr'><em>δι</em></span> <span class='ocrx_word' id='word_1_127' title='bbox 519 2692 639 2762; x_wconf 82' lang='lat' dir='ltr'><em>merito</em></span> <span class='ocrx_word' id='word_1_128' title='bbox 660 2691 749 2776; x_wconf 82' lang='lat' dir='ltr'><em>hujus</em></span> <span class='ocrx_word' id='word_1_129' title='bbox 772 2696 925 2762; x_wconf 71' lang='lat' dir='ltr'><em>editionis</em></span> <span class='ocrx_word' id='word_1_130' title='bbox 948 2689 988 2756; x_wconf 89' lang='lat' dir='ltr'><em>fic</em></span> <span class='ocrx_word' id='word_1_131' title='bbox 1005 2685 1233 2775; x_wconf 86' lang='lat' dir='ltr'><em>prosequitur:</em></span> <span class='ocrx_word' id='word_1_132' title='bbox 1258 2681 1325 2753; x_wconf 85' lang='lat' dir='ltr'><em>Hoc</em></span> 
     </span>
     <span class='ocr_line' id='line_1_21' title="bbox 306 2781 1327 2890; baseline -0.021 -21"><span class='ocrx_word' id='word_1_133' title='bbox 306 2819 375 2890; x_wconf 85' lang='lat' dir='ltr'><em>opus</em></span> <span class='ocrx_word' id='word_1_134' title='bbox 399 2815 460 2865; x_wconf 85' lang='lat' dir='ltr'><em>tarn</em></span> <span class='ocrx_word' id='word_1_135' title='bbox 484 2803 624 2869; x_wconf 87' lang='lat' dir='ltr'><em>uarium,</em></span> <span class='ocrx_word' id='word_1_136' title='bbox 648 2808 709 2859; x_wconf 88' lang='lat' dir='ltr'><em>tam</em></span> <span class='ocrx_word' id='word_1_137' title='bbox 728 2797 842 2883; x_wconf 78' lang='lat' dir='ltr'><em>subtile</em></span> <span class='ocrx_word' id='word_1_138' title='bbox 854 2803 866 2869; x_wconf 87' lang='lat'><em>,&#39;</em></span> <span class='ocrx_word' id='word_1_139' title='bbox 888 2809 949 2859; x_wconf 89' lang='lat' dir='ltr'><em>tarn</em></span> <span class='ocrx_word' id='word_1_140' title='bbox 970 2785 1107 2856; x_wconf 87' lang='lat' dir='ltr'><em>diuinum</em></span> <span class='ocrx_word' id='word_1_141' title='bbox 1125 2781 1190 2872; x_wconf 78' lang='lat' dir='ltr'><em>q&#39;am</em></span> <span class='ocrx_word' id='word_1_142' title='bbox 1208 2783 1327 2870; x_wconf 81' lang='lat' dir='ltr'><em>pridcui</em></span> 
     </span>
    </p>
   </div>
   <div class='ocr_carea' id='block_1_12' title="bbox 164 2882 1329 2978">
    <p class='ocr_par' dir='ltr' id='par_1_14' title="bbox 164 2882 1329 2978">
     <span class='ocr_line' id='line_1_22' title="bbox 164 2882 1329 2978; baseline -0.018 -11"><span class='ocrx_word' id='word_1_143' title='bbox 164 2882 168 2888; x_wconf 79' lang='lat'><em>.</em></span> <span class='ocrx_word' id='word_1_144' title='bbox 306 2904 340 2972; x_wconf 82' lang='lat' dir='ltr'><em>in</em></span> <span class='ocrx_word' id='word_1_145' title='bbox 365 2899 517 2968; x_wconf 78' lang='lat' dir='ltr'><em>(lodicibus</em></span> <span class='ocrx_word' id='word_1_146' title='bbox 541 2891 659 2960; x_wconf 80' lang='lat' dir='ltr'><em>Lotinle</em></span> <span class='ocrx_word' id='word_1_147' title='bbox 685 2897 831 2960; x_wconf 86' lang='lat' dir='ltr'><em>admodum</em></span> <span class='ocrx_word' id='word_1_148' title='bbox 851 2896 1069 2978; x_wconf 79' lang='lat' dir='ltr'><em>depravatum,</em></span> <span class='ocrx_word' id='word_1_149' title='bbox 1090 2897 1155 2947; x_wconf 86' lang='lat' dir='ltr'><em>cum</em></span> <span class='ocrx_word' id='word_1_150' title='bbox 1179 2897 1215 2946; x_wconf 86' lang='lat' dir='ltr'><em>ut</em></span> <span class='ocrx_word' id='word_1_151' title='bbox 1238 2903 1329 2950; x_wconf 85' lang='lat' dir='ltr'><em>ernen-</em></span> 
     </span>
    </p>
   </div>
   <div class='ocr_carea' id='block_1_13' title="bbox 304 2981 1404 4163">
    <p class='ocr_par' dir='ltr' id='par_1_15' title="bbox 304 2981 1404 4163">
     <span class='ocr_line' id='line_1_23' title="bbox 305 2981 1328 3075; baseline -0.022 -5"><span class='ocrx_word' id='word_1_152' title='bbox 305 3004 404 3069; x_wconf 77' lang='lat' dir='ltr'><em>amen</em></span> <span class='ocrx_word' id='word_1_153' title='bbox 427 3039 439 3070; x_wconf 78' lang='lat'>‚</span> <span class='ocrx_word' id='word_1_154' title='bbox 472 2990 703 3058; x_wconf 83' lang='lat' dir='ltr'>CONRADUS</span> <span class='ocrx_word' id='word_1_155' title='bbox 740 2993 921 3062; x_wconf 81' lang='lat' dir='ltr'><em>Germanus,</em></span> <span class='ocrx_word' id='word_1_156' title='bbox 947 3004 1070 3075; x_wconf 81' lang='lat' dir='ltr'><em>aquo,</em></span> <span class='ocrx_word' id='word_1_157' title='bbox 1096 2995 1133 3044; x_wconf 86' lang='lat' dir='ltr'><em>ot</em></span> <span class='ocrx_word' id='word_1_158' title='bbox 1152 2981 1239 3068; x_wconf 82' lang='lat' dir='ltr'><em>scis,</em></span> <span class='ocrx_word' id='word_1_159' title='bbox 1262 2983 1328 3048; x_wconf 60' lang='lat' dir='ltr'><em>Ro*</em></span> 
     </span>
     <span class='ocr_line' id='line_1_24' title="bbox 307 3077 1326 3182; baseline -0.012 -18"><span class='ocrx_word' id='word_1_160' title='bbox 307 3119 369 3164; x_wconf 91' lang='lat' dir='ltr'><em>mae</em></span> <span class='ocrx_word' id='word_1_161' title='bbox 385 3094 604 3182; x_wconf 73' lang='lat' dir='ltr'><em>formandorum</em></span> <span class='ocrx_word' id='word_1_162' title='bbox 628 3091 776 3156; x_wconf 86' lang='lat' dir='ltr'><em>librorum</em></span> <span class='ocrx_word' id='word_1_163' title='bbox 798 3089 950 3169; x_wconf 75' lang='lat' dir='ltr'><em>indcufirio</em></span> <span class='ocrx_word' id='word_1_164' title='bbox 977 3083 1110 3172; x_wconf 75' lang='lat' dir='ltr'><em>priorum</em></span> <span class='ocrx_word' id='word_1_165' title='bbox 1131 3077 1257 3166; x_wconf 80' lang='lat' dir='ltr'><em>proseiia</em></span> <span class='ocrx_word' id='word_1_166' title='bbox 1271 3081 1326 3152; x_wconf 76' lang='lat' dir='ltr'><em>eri,</em></span> 
     </span>
     <span class='ocr_line' id='line_1_25' title="bbox 307 3157 1327 3282; baseline -0.024 -18"><span class='ocrx_word' id='word_1_167' title='bbox 307 3197 380 3264; x_wconf 90' lang='lat' dir='ltr'><em>alim</em></span> <span class='ocrx_word' id='word_1_168' title='bbox 398 3193 605 3282; x_wconf 77' lang='lat' dir='ltr'><em>diligenciffinc</em></span> <span class='ocrx_word' id='word_1_169' title='bbox 621 3202 736 3275; x_wconf 82' lang='lat' dir='ltr'><em>peteret</em></span> <span class='ocrx_word' id='word_1_170' title='bbox 756 3229 768 3261; x_wconf 87' lang='lat'>,</span> <span class='ocrx_word' id='word_1_171' title='bbox 791 3186 848 3274; x_wconf 78' lang='lat' dir='ltr'><em>feci</em></span> <span class='ocrx_word' id='word_1_172' title='bbox 871 3191 904 3252; x_wconf 87' lang='lat' dir='ltr'><em>id</em></span> <span class='ocrx_word' id='word_1_173' title='bbox 927 3187 1038 3273; x_wconf 89' lang='lat' dir='ltr'><em>quidem</em></span> <span class='ocrx_word' id='word_1_174' title='bbox 1060 3197 1115 3244; x_wconf 84' lang='lat' dir='ltr'><em>enon</em></span> <span class='ocrx_word' id='word_1_175' title='bbox 1136 3166 1240 3244; x_wconf 77' lang='lat' dir='ltr'><em>tanei</em></span> <span class='ocrx_word' id='word_1_176' title='bbox 1262 3157 1327 3244; x_wconf 73' lang='lat' dir='ltr'><em>tbm&#39;</em></span> 
     </span>
     <span class='ocr_line' id='line_1_26' title="bbox 306 3270 1322 3377; baseline -0.02 -17"><span class='ocrx_word' id='word_1_177' title='bbox 306 3295 461 3365; x_wconf 76' lang='lat' dir='ltr'><em>libenter,</em></span> <span class='ocrx_word' id='word_1_178' title='bbox 484 3310 570 3377; x_wconf 90' lang='lat' dir='ltr'><em>quarn</em></span> <span class='ocrx_word' id='word_1_179' title='bbox 594 3279 761 3374; x_wconf 80' lang='lat' dir='ltr'><em>laboriose3</em></span> <span class='ocrx_word' id='word_1_180' title='bbox 782 3307 849 3352; x_wconf 88' lang='lat' dir='ltr'><em>nam</em></span> <span class='ocrx_word' id='word_1_181' title='bbox 873 3284 969 3348; x_wconf 84' lang='lat' dir='ltr'><em>multa</em></span> <span class='ocrx_word' id='word_1_182' title='bbox 985 3305 1021 3347; x_wconf 82' lang='lat' dir='ltr'><em>eu</em></span> <span class='ocrx_word' id='word_1_183' title='bbox 1044 3270 1256 3342; x_wconf 74' lang='lat' dir='ltr'><em>mathematicis</em></span> <span class='ocrx_word' id='word_1_184' title='bbox 1274 3275 1322 3341; x_wconf 56' lang='lat' dir='ltr'><em>dia</em></span> 
     </span>
     <span class='ocr_line' id='line_1_27' title="bbox 304 3373 1324 3477; baseline -0.017 -23"><span class='ocrx_word' id='word_1_185' title='bbox 304 3389 442 3477; x_wconf 78' lang='lat' dir='ltr'><em>sciplinie</em></span> <span class='ocrx_word' id='word_1_186' title='bbox 460 3389 599 3477; x_wconf 85' lang='lat' dir='ltr'><em>sumenda</em></span> <span class='ocrx_word' id='word_1_187' title='bbox 618 3383 766 3469; x_wconf 71' lang='lat' dir='ltr'><em>ficerunt,</em></span> <span class='ocrx_word' id='word_1_188' title='bbox 793 3397 829 3449; x_wconf 88' lang='lat' dir='ltr'><em>at</em></span> <span class='ocrx_word' id='word_1_189' title='bbox 853 3383 965 3471; x_wconf 80' lang='lat' dir='ltr'><em>uiginti</em></span> <span class='ocrx_word' id='word_1_190' title='bbox 995 3376 1049 3466; x_wconf 82' lang='lat' dir='ltr'><em>sen</em></span> <span class='ocrx_word' id='word_1_191' title='bbox 1072 3373 1190 3439; x_wconf 86' lang='lat' dir='ltr'><em>tabulae</em></span> <span class='ocrx_word' id='word_1_192' title='bbox 1225 3395 1324 3442; x_wconf 86' lang='lat' dir='ltr'><em>aeaeae</em></span> 
     </span>
     <span class='ocr_line' id='line_1_28' title="bbox 307 3473 1327 3574; baseline -0.019 -21"><span class='ocrx_word' id='word_1_193' title='bbox 307 3490 452 3574; x_wconf 85' lang='lat' dir='ltr'><em>(totidem</em></span> <span class='ocrx_word' id='word_1_194' title='bbox 472 3490 548 3574; x_wconf 86' lang='lat' dir='ltr'><em>sunt</em></span> <span class='ocrx_word' id='word_1_195' title='bbox 570 3505 589 3549; x_wconf 95' lang='lat' dir='ltr'><em>a</em></span> <span class='ocrx_word' id='word_1_196' title='bbox 612 3478 878 3546; x_wconf 79' lang='lat' dir='ltr'>PTOLEMAEO</span> <span class='ocrx_word' id='word_1_197' title='bbox 901 3483 933 3544; x_wconf 92' lang='lat' dir='ltr'><em>in</em></span> <span class='ocrx_word' id='word_1_198' title='bbox 958 3476 1128 3562; x_wconf 83' lang='lat' dir='ltr'><em>uniuersum</em></span> <span class='ocrx_word' id='word_1_199' title='bbox 1151 3473 1246 3540; x_wconf 89' lang='lat' dir='ltr'><em>arbem</em></span> <span class='ocrx_word' id='word_1_200' title='bbox 1278 3473 1327 3536; x_wconf 84' lang='lat' dir='ltr'><em>di-</em></span> 
     </span>
     <span class='ocr_line' id='line_1_29' title="bbox 309 3569 1325 3669; baseline -0.02 -18"><span class='ocrx_word' id='word_1_201' title='bbox 309 3587 456 3652; x_wconf 80' lang='lat' dir='ltr'><em>iiributae</em></span> <span class='ocrx_word' id='word_1_202' title='bbox 476 3586 491 3664; x_wconf 95' lang='lat'>)</span> <span class='ocrx_word' id='word_1_203' title='bbox 514 3584 674 3668; x_wconf 79' lang='lat' dir='ltr'><em>diiigenter</em></span> <span class='ocrx_word' id='word_1_204' title='bbox 707 3584 982 3669; x_wconf 76' lang='lat' dir='ltr'><em>exsculperentnr,</em></span> <span class='ocrx_word' id='word_1_205' title='bbox 1015 3593 1050 3640; x_wconf 82' lang='lat' dir='ltr'><em>en</em></span> <span class='ocrx_word' id='word_1_206' title='bbox 1085 3571 1189 3663; x_wconf 82' lang='lat' dir='ltr'><em>quibus</em></span> <span class='ocrx_word' id='word_1_207' title='bbox 1228 3569 1325 3636; x_wconf 85' lang='lat' dir='ltr'><em>ueluti</em></span> 
     </span>
     <span class='ocr_line' id='line_1_30' title="bbox 310 3665 1328 3767; baseline -0.021 -18"><span class='ocrx_word' id='word_1_208' title='bbox 310 3681 447 3767; x_wconf 78' lang='lat' dir='ltr'><em>enonplis</em></span> <span class='ocrx_word' id='word_1_209' title='bbox 473 3681 583 3767; x_wconf 79' lang='lat' dir='ltr'><em>reliqui</em></span> <span class='ocrx_word' id='word_1_210' title='bbox 605 3686 778 3746; x_wconf 85' lang='lat' dir='ltr'><em>ducerentur</em></span> <span class='ocrx_word' id='word_1_211' title='bbox 803 3680 882 3744; x_wconf 85' lang='lat' dir='ltr'><em>libri</em></span> <span class='ocrx_word' id='word_1_212' title='bbox 907 3671 966 3744; x_wconf 66' lang='lat' dir='ltr'><em>(ic.</em></span> <span class='ocrx_word' id='word_1_213' title='bbox 1002 3669 1134 3734; x_wconf 88' lang='lat' dir='ltr'><em>Deinde</em></span> <span class='ocrx_word' id='word_1_214' title='bbox 1173 3681 1250 3730; x_wconf 82' lang='lat' dir='ltr'><em>nota</em></span> <span class='ocrx_word' id='word_1_215' title='bbox 1286 3665 1328 3728; x_wconf 84' lang='lat' dir='ltr'><em>ad</em></span> 
     </span>
     <span class='ocr_line' id='line_1_31' title="bbox 311 3765 1329 3866; baseline -0.013 -25"><span class='ocrx_word' id='word_1_216' title='bbox 311 3779 486 3866; x_wconf 82' lang='lat' dir='ltr'><em>marginem</em></span> <span class='ocrx_word' id='word_1_217' title='bbox 513 3775 722 3859; x_wconf 80' lang='lat' dir='ltr'><em>manuscripta</em></span> <span class='ocrx_word' id='word_1_218' title='bbox 743 3775 843 3855; x_wconf 84' lang='lat' dir='ltr'><em>ejusd.</em></span> <span class='ocrx_word' id='word_1_219' title='bbox 863 3773 1018 3859; x_wconf 84' lang='lat' dir='ltr'><em>temporis</em></span> <span class='ocrx_word' id='word_1_220' title='bbox 1054 3767 1207 3832; x_wconf 85' lang='lat' dir='ltr'><em>additur.</em></span> <span class='ocrx_word' id='word_1_221' title='bbox 1237 3765 1329 3832; x_wconf 88' lang='lat' dir='ltr'><em>Deni-</em></span> 
     </span>
     <span class='ocr_line' id='line_1_32' title="bbox 311 3867 1404 3968; baseline -0.015 -26"><span class='ocrx_word' id='word_1_222' title='bbox 311 3897 367 3968; x_wconf 90' lang='lat' dir='ltr'><em>que</em></span> <span class='ocrx_word' id='word_1_223' title='bbox 389 3877 527 3942; x_wconf 86' lang='lat' dir='ltr'><em>acerrimi</em></span> <span class='ocrx_word' id='word_1_224' title='bbox 560 3877 668 3958; x_wconf 82' lang='lat' dir='ltr'><em>ingenii</em></span> <span class='ocrx_word' id='word_1_225' title='bbox 702 3879 756 3940; x_wconf 82' lang='lat' dir='ltr'><em>nir</em></span> <span class='ocrx_word' id='word_1_226' title='bbox 775 3877 937 3939; x_wconf 86' lang='lat' dir='ltr'><em>triennium</em></span> <span class='ocrx_word' id='word_1_227' title='bbox 963 3875 995 3936; x_wconf 92' lang='lat' dir='ltr'><em>in</em></span> <span class='ocrx_word' id='word_1_228' title='bbox 1013 3870 1064 3931; x_wconf 86' lang='lat' dir='ltr'><em>lac</em></span> <span class='ocrx_word' id='word_1_229' title='bbox 1086 3883 1145 3929; x_wconf 90' lang='lat' dir='ltr'><em>una</em></span> <span class='ocrx_word' id='word_1_230' title='bbox 1169 3867 1254 3948; x_wconf 79' lang='lat' dir='ltr'><em>opera</em></span> <span class='ocrx_word' id='word_1_231' title='bbox 1272 3879 1328 3950; x_wconf 89' lang='lat' dir='ltr'><em>pa·</em></span> <span class='ocrx_word' id='word_1_232' title='bbox 1401 3877 1404 3883; x_wconf 83' lang='lat'>·</span> 
     </span>
     <span class='ocr_line' id='line_1_33' title="bbox 309 3951 1339 4065; baseline -0.011 -25"><span class='ocrx_word' id='word_1_233' title='bbox 309 3977 400 4065; x_wconf 85' lang='lat' dir='ltr'><em>suit,</em></span> <span class='ocrx_word' id='word_1_234' title='bbox 423 3993 520 4057; x_wconf 82' lang='lat' dir='ltr'><em>magno</em></span> <span class='ocrx_word' id='word_1_235' title='bbox 536 3974 683 4055; x_wconf 81' lang='lat' dir='ltr'><em>sumptu·</em></span> <span class='ocrx_word' id='word_1_236' title='bbox 709 3977 922 4060; x_wconf 81' lang='lat' dir='ltr'><em>nnaq&#39;orecura,</em></span> <span class='ocrx_word' id='word_1_237' title='bbox 947 3969 1072 4034; x_wconf 79' lang='lat' dir='ltr'><em>maxima</em></span> <span class='ocrx_word' id='word_1_238' title='bbox 1085 3981 1153 4035; x_wconf 80' lang='lat' dir='ltr'><em>uero</em></span> <span class='ocrx_word' id='word_1_239' title='bbox 1165 4005 1178 4051; x_wconf 51' lang='grc' dir='ltr'><em>ρ</em></span> <span class='ocrx_word' id='word_1_240' title='bbox 1201 3951 1239 4028; x_wconf 76' lang='lat' dir='ltr'><em>nl</em></span> <span class='ocrx_word' id='word_1_241' title='bbox 1262 3963 1339 4051; x_wconf 67' lang='lat' dir='ltr'><em>qni-r</em></span> 
     </span>
     <span class='ocr_line' id='line_1_34' title="bbox 315 4058 1268 4163; baseline -0.02 -17"><span class='ocrx_word' id='word_1_242' title='bbox 315 4077 377 4145; x_wconf 81' lang='lat' dir='ltr'><em>iem</em></span> <span class='ocrx_word' id='word_1_243' title='bbox 396 4071 505 4163; x_wconf 80' lang='lat' dir='ltr'><em>spero,</em></span> <span class='ocrx_word' id='word_1_244' title='bbox 529 4067 635 4145; x_wconf 76' lang='lat' dir='ltr'><em>ionem,</em></span> <span class='ocrx_word' id='word_1_245' title='bbox 661 4065 699 4141; x_wconf 68' lang='lat' dir='ltr'><em>(i</em></span> <span class='ocrx_word' id='word_1_246' title='bbox 717 4071 818 4160; x_wconf 78' lang='lat' dir='ltr'><em>gloria</em></span> <span class='ocrx_word' id='word_1_247' title='bbox 837 4066 1000 4142; x_wconf 78' lang='lat' dir='ltr'><em>innnoceoli</em></span> <span class='ocrx_word' id='word_1_248' title='bbox 1011 4061 1022 4131; x_wconf 84' lang='grc'><em>.“</em></span> <span class='ocrx_word' id='word_1_249' title='bbox 1131 4118 1135 4128; x_wconf 23' lang='lat' dir='ltr'><em>e</em></span> <span class='ocrx_word' id='word_1_250' title='bbox 1265 4058 1268 4063; x_wconf 78' lang='grc'>’</span> 
     </span>
    </p>
   </div>
   <div class='ocr_carea' id='block_1_14' title="bbox 0 0 1808 5150">
    <p class='ocr_par' dir='ltr' id='par_1_16' title="bbox 0 0 1808 5150">
     <span class='ocr_line' id='line_1_35' title="bbox 0 0 1808 5150; baseline 0 0"><span class='ocrx_word' id='word_1_251' title='bbox 0 0 1808 5150; x_wconf 95' lang='lat' dir='ltr'><em> </em></span> 
     </span>
    </p>
   </div>
  </div>
 </body>
</html>
