3592 5150
318 849 404 930 Die
430 872 524 929 otro
548 847 644 932 XII·
681 843 824 958 mensas
848 842 1059 967 Jaou'arir
1077 903 1088 925 ·
1109 855 1239 938 'Rome
1283 859 1329 963 io

353 1079 357 1089 .
1107 1037 1110 1042 -
1247 979 1330 1060 Do·

333 1134 1333 1174 Μ

308 1233 398 1290 nuo,
423 1214 600 1299 eodemque
627 1229 773 1298 tempore
785 1230 848 1274 non
861 1209 1005 1278 edidisset
1017 1259 1028 1289 ,
1040 1235 1101 1298 qua
1123 1216 1244 1286 ratione
1260 1211 1327 1302 posi

181 1341 185 1349 ·
306 1309 430 1375 FLORI
466 1316 606 1398 epitomen
631 1329 688 1395 per
713 1309 842 1371 modum
865 1312 1003 1394 repsisti¹
1022 1309 1220 1390 subjunxisset
1256 1333 1325 1377 ver-

304 1407 381 1472 bum
408 1408 533 1472 initiale
555 1406 696 1491 triplicis
731 1403 892 1480 necatis,
915 1425 982 1476 non
1007 1428 1083 1474 vtro
1105 1407 1240 1494 ipsorum
1261 1409 1323 1474 Co·

304 1502 442 1570 dicum?
467 1506 547 1596 Qis
570 1503 657 1569 enim'
674 1503 723 1567 issi
758 1499 981 1592 suppeditasset
1004 1502 1079 1569 haec
1110 1503 1243 1568 initialia
1255 1525 1323 1582 ver,-

301 1602 364 1676 ba,
391 1601 413 1662 st
437 1603 632 1691 integrorum
663 1596 947 1685 manuscriptorum
971 1603 1125 1666 Codicum
1153 1602 1258 1685 inopia
1281 1599 1324 1662 sa-

301 1693 465 1764 boraffets
490 1700 682 1773 Praeterea,
708 1717 744 1765 ut
770 1705 833 1777 jam
852 1697 940 1785 supra
961 1701 1091 1775 monui,
1118 1714 1189 1763 ante
1203 1695 1323 1789 QUIN·

286 1793 464 1857 'TILIANI
480 1795 656 1860 editionem
686 1797 794 1860 datam
815 1795 919 1860 mense
942 1795 1079 1885 Augusto
1105 1796 1324 1872 LIVIUMjarn

301 1890 357 1954 edi
384 1908 548 1956 curaverat
576 1891 795 1957 CAMPANUS
817 1912 898 1956 anno
928 1915 1057 1972 1470.,
1085 1917 1149 1983 quo
1165 1912 1245 1958 anno
1269 1914 1322 1978 ap·

256 1995 259 1999 “
301 1988 408 2072 paruit
437 1987 568 2054 LIVIUS
593 1989 820 2055 VINDELiNl
835 2035 846 2065 ‚
875 1990 908 2055 δι
932 2012 1012 2056 anno
1041 2013 1142 2070 147¹·
1168 1992 1323 2056 ineunte.»

302 2085 449 2153 Jarruario
491 2087 699 2156 Ratirbonam
734 2090 889 2173 profectus
934 2087 978 2156 est
1015 2109 1085 2153 cum
1116 2084 1322 2162 CADINALI
1392 2134 1396 2148 ,

301 2182 496 2258 SENENSI,
520 2185 599 2250 srcut
624 2183 710 2271 supra
735 2188 902 2256 diximus:
928 2207 1003 2276 ergo
1018 2207 1100 2252 anno
1128 2185 1321 2263 1471.dnas

300 2279 429 2344 ultimas
458 2281 606 2346 Decedet
633 2303 740 2348 curare
764 2283 986 2368 nonpotun,
1012 2285 1133 2350 tardius
1159 2284 1256 2373 igitur
1274 2280 1320 2344 iu·

301 2392 398 2442 eunte
420 2397 503 2442 auno
533 2399 631 2456 1470·
657 2382 691 2443 in
715 2380 818 2448 locem
842 2380 991 2452 LIVIUM
1016 2381 1181 2468 proposuit
1205 2375 1319 2474 01„le

302 2475 379 2539 CUS
405 2478 518 2551 HAN,
547 2476 727 2564 &quidem
747 2479 966 2564 completum.

349 2574 438 2639 Hanc
453 2596 528 2663 ergo
550 2575 687 2660 priorem
700 2600 737 2643 ea
749 2575 994 2649 vinolium,
1021 2574 1053 2640 δι
1068 2596 1103 2641 ea
1117 2569 1318 2647 JOHANNIS

298 2673 510 2740 nNDREAE
533 2672 682 2739 affirmo.
710 2674 785 2763 Quo
816 2693 894 2738 vero
921 2673 960 2734 ad
991 2669 1195 2737 charasierum
1223 2690 1318 2732 venu-

298 2768 435 2847 statem,
462 2792 498 2833 ac
523 2770 784 2857 magnificentiam
805 2768 944 2856 aequalis
970 2765 1079 2833 saitem
1106 2765 1149 2833 est
1176 2764 1318 2829 Vindeli-

302 2868 443 2944 nimae,
468 2867 521 2933 fed
548 2866 688 2933 editioni
719 2869 802 2952 apud
830 2864 986 2931 Maximos
1008 2868 1148 2951 peratiae
1163 2865 1254 2951 longe
1270 2861 1319 2946 so-

299 2966 405 3051 perior
433 3008 444 3039 ,
472 2967 616 3052 adeoque
638 2964 825 3035 CAMPANI
847 2958 950 3027 'labori
980 2962 1125 3049 princeps
1154 2961 1241 3028 locus
1275 2954 1317 3024 est

301 3062 520 3129 tribuendus.
555 3060 707 3150 Regulam
739 3076 847 3126 autem
878 3059 1052 3149 generalem
1086 3061 1244 3124 occasione
1267 3056 1317 3121 ha·

299 3178 368 3223 rum
389 3160 530 3223 omnium
559 3157 698 3223 ULRICI
724 3158 819 3246 HAN'
837 3157 1017 3227 editionum
1038 3156 1124 3244 supra
1151 3158 1317 3245 relatarum

298 3253 473 3321 institutam
488 3278 546 3342 pro
569 3258 743 3346 assignanda
766 3256 919 3343 temporis
942 3256 1109 3340 prioritate
1137 3254 1226 3317 unius
1244 3271 1317 3341 prae

301 3354 438 3427 altera,
477 3376 548 3418 cum
586 3355 696 3419 deficit
730 3352 860 3437 penitus
888 3351 960 3417 anni
986 3348 1317 3441 nota.1.lOHAN5
1402 3429 1406 3435 ¹

298 3448 363 3513 NIS
385 3449 564 3517 ANTONII
595 3450 782 3521 CAMPANI
815 3449 899 3514 sositi
926 3447 1056 3525 versus,
1079 3470 1198 3533 nempe·
1219 3448 1315 3535 Anser

303 3545 427 3632 Tarpeii
448 3553 537 3617 crisos
551 3550 637 3624 δια,
662 3547 755 3613 alicui
772 3547 908 3614 editioni
924 3547 1037 3627 adjecti
1058 3547 1226 3634 significant
1240 3540 1314 3603 hanc

299 3643 446 3706 antedio
477 3664 557 3721 anno
591 3656 693 3727 1469.
726 3645 821 3734 osque
852 3647 892 3709 ad
916 3647 1009 3709 finem
1038 3640 1222 3735 Decembris
1244 3635 1315 3701 anni

303 3758 404 3815 1470
427 3741 554 3824 prodire
587 3738 759 3818 debuisse,
789 3743 864 3829 quia
887 3756 961 3805 toto
987 3760 1027 3802 eo
1060 3756 1228 3825 tempore,
1257 3746 1314 3831 nec

300 3836 437 3897 ulterius
469 3837 606 3905 officinae
638 3838 783 3908 ULRICI
796 3839 884 3906 HAN
907 3834 1045 3943 praefuit
1066 3832 1313 3906 CAMPANUS,

300 3932 333 3999 bt
351 3952 391 3998 eo
413 3954 471 4019 pro
473 3934 553 4001 esto
584 3935 714 3999 ineunte
745 3954 827 3999 auno
859 3930 1046 4009 14110asia
1074 3930 1145 3997 usur
1174 3928 1217 3997 est
1243 3930 1329 4089 igi-s
