3592 5150
478 609 529 687 68
633 602 700 679 DE
727 592 1087 677 TYPOGRAPHIA
1117 592 1337 679 Romarm·

490 714 1488 799 Μ

482 854 600 945 tione
617 842 892 931 movebantur
913 892 927 936 ‚
949 862 994 925 ut
1012 841 1058 923 iis
1085 838 1142 927 sat
1167 843 1301 927 adbuc
1324 870 1492 955 tempo..

478 971 569 1071 ris,
598 981 722 1071 atque
747 957 826 1041 otii
858 951 983 1042 fuerit
1015 985 1090 1066 pto
1120 986 1229 1043 rrovo
1257 964 1495 1059 charactere¹

480 1078 715 1174 cudendo,
754 1077 794 1157 bt
836 1099 938 1182 pro¹
967 1075 1260 1186 comparandis
1298 1084 1489 1169 omnibus

477 1192 785 1313 praereqnifitis
811 1190 863 1275 ad
885 1190 1183 1303 imprimendas
1212 1190 1418 1295 cineratis
1448 1226 1492 1283 e·

480 1312 649 1429 pistolas
685 1303 933 1406 familiares'‚
966 1307 1081 1395 nulla
1115 1309 1280 1422 quidem
1311 1310 1489 1413 mensis,

480 1461 529 1521 ac
560 1431 645 1518 diei
675 1452 777 1519 nota
803 1427 1094 1536 consignatas,
1127 1430 1229 1540 quas'
1255 1451 1392 1515 tamen
1432 1426 1493 1513 fa·

481 1547 564 1645 ,cile
593 1544 878 1656 conjeilamnr
896 1544 1128 1629 anteriores
1147 1546 1490 1633 meditationibus

360 1712 363 1723 ·
428 1751 431 1755 .
476 1661 717 1757 Cardinalis
747 1659 797 1744 de
828 1662 1182 1764 Turrecremata,
1212 1691 1316 1777 qnae
1350 1658 1492 1749 ultima

476 1786 548 1871 elie
570 1778 814 1867 Decembris
848 1775 1036 1885 eiusdem
1064 1780 1161 1862 anni
1187 1781 1385 1869 dicuntur
1426 1781 1495 1869 ab·

477 1899 662 1991 solutae.
691 1890 1001 1979 Sublacenlnum
1023 1896 1402 2011 Typographorum
1430 1900 1494 1983 io·

478 2018 637 2104 vidiam
668 2013 710 2097 id
747 2008 894 2121 procul
935 2011 1063 2102 <lubio
1091 2014 1282 2101 excitalle
1318 2015 1494 2117 creden·

478 2126 582 2221 dnm
604 2131 689 2231 est,
724 2128 837 2243 quod
860 2128 1094 2219 Cardinalis
1122 2136 1172 2213 de
1199 2134 1494 2217 Turrecrema·

476 2276 525 2335 ra
550 2250 602 2340 ad
634 2247 748 2348 suum
770 2243 984 2335 edendum
1015 2245 1170 2339 librum
1202 2249 1339 2333 Ulrt’ct'
1366 2279 1492 2361 opera

478 2368 569 2455 ulus
590 2365 760 2455 luerit.
790 2368 930 2483 Qum
970 2366 1187 2451 invidiam¹
1216 2391 1296 2449 non
1344 2393 1491 2477 parum
1567 2416 1569 2421 .

478 2482 635 2574 auxilie
667 2482 811 2574 debuit
844 2482 1002 2567 summa
1034 2483 1170 2567 Ulrlcr‘
1199 2482 1378 2597 peritia,
1412 2511 1492 2592 qna

476 2606 518 2690 in
549 2602 695 2718 figuris
713 2598 946 2686 incidendis
972 2601 1233 2702 excellebat,
1265 2629 1388 2714 quam
1404 2603 1494 2712 qui·

477 2723 576 2813 dem
602 2720 816 2833 ,peritiam
858 2718 1062 2805 testantur
1103 2719 1299 2832 figurae,
1346 2721 1490 2832 quibus

475 2837 594 2926 luam
625 2839 811 2950 priorem
836 2833 1066 2922 editionem
1102 2837 1350 2923 exornavit.

535 2965 647 3043 Cum
676 2954 827 3041 autem
839 2956 1020 3040 Romam
1047 2955 1108 3039 ita
1133 2950 1372 3042 festinanter
1395 2979 1492 3061 pro·

477 3072 578 3162 fecti
602 3065 787 3171 fuerint,
820 3073 914 3158 hinc
943 3070 1064 3157 valde
1081 3072 1296 3181 probabile
1311 3075 1394 3177 est,
1418 3097 1489 3158 eos

477 3188 534 3276 de
564 3188 715 3275 ultima
755 3215 879 3276 mann
918 3195 957 3270 5·
981 3187 1209 3300 Augustino
1235 3190 1285 3274 de
1313 3189 1493 3278 civitate

476 3303 564 3394 Dei
593 3307 851 3417 imponenda
893 3331 987 3392 ann.
1024 3305 1152 3412 1467.
1194 3337 1342 3422 parum
1383 3305 1492 3396 soille
1602 3329 1604 3337 ‘

474 3419 705 3520 sollicitos,
724 3421 793 3508 led
820 3422 933 3536 qnod
954 3421 1156 3538 reliquum
1186 3445 1276 3512 erat
1307 3425 1488 3530 laboris,

475 3535 782 3632 commendasse
808 3541 1000 3652 peritioni
1026 3568 1172 3626 eorum
1204 3544 1399 3652 operario
1415 3547 1498 3664 Jo-

472 3659 605 3744 banni
641 3653 850 3747 sciliceta
882 3656 1226 3762 Laudenbocht'o,
1261 3665 1326 3748 cni
1346 3658 1492 3750 'facol-

473 3797 606 3868 tatem
628 3768 817 3861 fecerunt
846 3771 1010 3890 volgari
1032 3779 1295 3895 Doxologiae
1321 3779 1491 3889 subinn-

473 3917 572 4002 gete
610 3893 790 4005 primam
829 3893 890 3981 sni
935 3895 1113 3984 nominis
1154 3897 1369 3992 litteram·
1400 3903 1493 4004 Hac..

1426 4045 1490 4101 ῐᾶ·
1713 4050 1719 4070 “

1719 800 1721 869 l

1719 870 1721 943 l
