3592 5150
496 516 701 597 curor
740 516 1057 623 Quarum
1235 546 1287 621 m

276 657 1285 715 m

270 794 410 879 larum
442 793 583 877 officio
610 785 922 901 fungebantur,
958 794 1032 878 vili
1062 800 1200 904 pretio
1234 798 1289 884 li-

268 915 368 999 bros
406 910 611 1008 vendere,
646 930 718 994 aut
760 936 831 993 eos
875 905 1029 997 diutius
1066 912 1288 1003 adservare

265 1028 426 1127 coacti,
443 1026 533 1111 aliis
554 1022 825 1139 suscipiendis
842 1026 1051 1115 laboribus
1066 1032 1295 1144 Typogra-'

262 1148 399 1256 phicis
424 1143 606 1255 impares
639 1141 904 1246 evadebant,
938 1149 1045 1232 adeo
1088 1168 1134 1233 ut
1180 1148 1287 1237 nulli

262 1291 377 1348 novo
404 1263 523 1375 operi
551 1257 637 1345 sese
663 1262 884 1371 accingere
907 1262 1141 1346 auderent.
1173 1270 1283 1355 Hinc

262 1408 412 1466 eorum
433 1376 567 1489 major
586 1402 678 1485 pars
693 1376 836 1488 praela
859 1377 1075 1485 portatilia
1102 1380 1284 1470 circum-

242 1490 489 1593 terebant,
523 1498 562 1577 δε
602 1497 709 1575 nacti
757 1493 972 1579 litteratos
1012 1494 1161 1596 viros,
1208 1501 1281 1609 qui

261 1613 449 1725 propriis
467 1613 697 1721 sumptibus
716 1610 784 1695 sua
807 1613 983 1698 ederent
1005 1638 1167 1721 opera,
1191 1633 1281 1699 tan·

259 1732 359 1817 dem
400 1728 544 1840 praelo
588 1754 756 1814 manum
792 1729 1103 1829 admovebant,
1140 1730 1279 1817 statim

260 1877 308 1931 ac
334 1866 478 1957 parata
505 1845 883 1932 subministraretur
905 1848 1101 1957 pecunia.
1134 1852 1279 1963 Quare

257 1958 407 2047 fadlum
423 1962 507 2061 est,
542 1984 585 2049 ut
614 1963 744 2075 aliqui
761 1963 855 2047 libri
883 1968 924 2048 in
945 1966 1075 2047 domo
1099 1962 1150 2047 de
1180 1966 1279 2047 cm-

123 2132 151 2203 l·
255 2078 439 2193 quinis,
472 2081 544 2167 alii
576 2084 618 2164 in
648 2082 780 2165 domo
806 2081 859 2165 de
889 2080 1122 2183 vulterris,
1155 2085 1277 2171 &ita

1222 2207 1278 2289 de

277 2352 1280 2387 'm

207 2482 212 2491 .
254 2432 417 2499 SIMIRUS
437 2457 477 2501 cu
496 2437 609 2503 ordine
629 2437 790 2503 Minorum
804 2437 839 2502 in
854 2437 961 2510 libro,
974 2437 1025 2501 cui
1051 2436 1188 2501 titulus:
1207 2424 1300 2511 Me-,f

254 2535 346 2602 maru
369 2535 510 2602 mortu
529 2538 609 2604 anu
632 2540 759 2624 cansa,
785 2557 800 2603 ι
824 2540 973 2605 mntem
993 2538 1025 2603 u
1051 2520 1275 2603 tuntinano

255 2632 289 2696 ln
312 2639 382 2704 Aru
408 2635 516 2707 Coeli,
541 2633 634 2720 impr.
650 2633 769 2697 Romae
790 2640 894 2714 1736.
915 2633 950 2695 in
969 2656 1004 2705 4·
1022 2653 1090 2718 pag.
1108 2652 1188 2712 μς.
1212 2632 1274 2692 An·

72 2760 79 2809 ς
254 2745 297 2791 no
335 2729 435 2792 ctiam
461 2750 564 2809 ¹50¹·
599 2725 703 2794 miliae
736 2727 827 2807 hujus
862 2743 1007 2794 cantatae
1037 2727 1069 2790 in
1094 2729 1155 2790 Ara
1183 2723 1271 2788 Caeli
1371 2803 1377 2814 ,

73 2829 74 2834 ’
132 2891 136 2895 ,
252 2825 450 2891 mentionem
480 2828 559 2891 facit
583 2825 869 2906 Boucflnunus
897 2823 1169 2890 Gaeremoniatum
1203 2821 1280 2884 Μαι

251 2910 349 3010 gislei
371 2922 427 2986 sub
451 2923 724 2990 ALEXANDRO
748 2923 803 2987 VI.
827 2923 860 2986 in
885 2923 988 2986 diario
1016 2927 1084 3001 ejus
1104 2918 1271 2994 manuscri-

171 3081 176 3085 ,
251 3035 311 3104 pto
327 3051 342 3095 1,
363 3024 451 3108 quod
472 3020 555 3086 latet
578 3022 614 3086 in
634 3019 832 3088 Bibliotheca
857 3023 994 3107 Cblfiuna
1006 3058 1017 3094 ,
1042 3019 1082 3082 de
1116 3039 1182 3107 quo
1204 3033 1272 3080 tam

251 3115 316 3180 tuse
346 3119 452 3210 agitur
474 3119 622 3185 Bibliotb.
637 3118 817 3185 Fuuurcrl
834 3106 943 3186 mediae
955 3119 1133 3190 Lrtlut'tntlr
1154 3119 1209 3186 lib.
1230 3118 1271 3180 ΙΙ.

252 3213 343 3280 Hunc
366 3237 473 3283 autem
495 3215 750 3280 BURCHARDI
771 3235 930 3288 textum,
958 3213 1158 3282 exhibentem
1184 3232 1271 3299 pom·

225 3310 227 3315 ’
250 3331 321 3397 pam
350 3313 437 3379 illius
458 3309 564 3379 millae
590 3313 748 3401 integrum
769 3357 782 3389 ‚
807 3309 841 3376 δε
865 3335 882 3374 a
907 3315 1006 3379 verbo
1029 3313 1069 3376 ad
1091 3332 1198 3378 verum
1224 3328 1272 3373 re·

250 3407 313 3471 fert
341 3409 375 3473 P.
395 3410 622 3478 CASIMIRUS
639 3413 740 3476 modo
760 3410 909 3474 landatue
931 3411 1005 3476 loeo
1028 3407 1124 3474 etiam
1150 3408 1183 3473 δι
1217 3431 1272 3494 pa-

249 3505 324 3591 giua
341 3507 434 3572 citat.
453 3512 508 3576 De
529 3509 586 3576 hac
608 3510 780 3576 Academia
791 3509 933 3574 Romana
957 3510 1040 3596 apud
1068 3507 1188 3572 multos
1208 3502 1270 3570 dis·

232 3598 389 3678 'terimr‚
416 3603 597 3694 interquoe·
611 3610 920 3675 nominaudusvenit
941 3603 1151 3674 ANTONIUS
1172 3600 1269 3680 VUL·

251 3696 341 3762 Plus
368 3700 400 3762 in
421 3699 488 3765 vita
503 3705 758 3773 SANNAZARII
771 3751 787 3782 ,
809 3710 944 3793 praelixa
968 3709 1035 3784 ejus
1058 3700 1207 3787 operibus
1227 3717 1271 3772 erg

251 3792 334 3865 edit.
360 3795 512 3864 Patavina
532 3803 604 3866 auni
632 3825 732 3886 ¹73¹·
766 3825 836 3892 pag.
864 3805 948 3877 lx„
974 3801 1007 3864 iit
1032 3795 1234 3886 sequentibus
1254 3835 1268 3860 .

254 3891 338 3958 Huic
360 3909 471 3957 autem
489 3895 653 3977 materiam
684 3900 896 3988 suppeditarat
922 3896 1093 3962 Academia
1116 3889 1264 3976 Neapoli-

251 4004 324 4054 tana
339 4034 352 4066 ³
366 4011 459 4078 ⁴quae
481 4014 520 4060 ex
544 3990 625 4071 bac,
651 4013 778 4078 curante
800 3991 1027 4068 PONTANOJ
1057 3982 1267 4081 processerat·
