3592 5150
496 571 547 642 μ
652 540 714 615 nn
745 530 1104 611 rrrocnnrrrru
1132 532 1350 611 nouauit

493 656 1510 749 m

497 791 611 885 fuiiie
637 790 913 904 jansenium,
949 806 992 875 ut
1032 789 1403 899 Typographicam
1446 815 1513 872 ar·

501 933 590 997 tem
620 907 735 1017 regia
761 901 1021 1016 iiberalitate
1053 903 1251 1001 edoctus,
1279 908 1382 991 hanc
1430 907 1515 990 Ve-

499 1025 621 1112 netiis
647 1020 876 1109 tentandae
903 1013 1096 1107 fortunae
1124 1018 1252 1105 caussa
1274 1019 1514 1121 invexerit,

500 1139 781 1255 praetermiffa
820 1136 1003 1247 patria,
1045 1140 1084 1218 δι
1126 1138 1277 1251 absque
1319 1136 1518 1247 eoquod

499 1254 644 1361 rnedia
683 1253 931 1368 qoaefiverit
970 1310 983 1353 ,
1029 1255 1175 1366 quibus
1224 1272 1376 1343 artent·
1403 1252 1520 1341 suant

500 1376 660 1491 primus
689 1372 799 1487 apud
831 1366 922 1455 suos
953 1371 1215 1483 experiretur
1241 1372 1373 1485 (66).

1410 1488 1521 1573 Taru

366 1773 368 1781 ’
555 1746 633 1837 (66)
659 1743 725 1808 Hac
739 1744 900 1809 occasione
922 1742 1110 1815 JENSONII
1136 1744 1258 1821 vitam,
1280 1746 1454 1835 agendique
1473 1764 1519 1809 ra-

508 1850 632 1931 pionem
652 1840 843 1926 inquiramus
862 1844 968 1927 quoad
990 1858 1090 1904 artem
1119 1836 1424 1931 Typographicam.
1455 1842 1516 1925 NI-

507 1937 668 2011 COLAUS
689 1936 736 1999 rei
756 1938 948 2002 monetariae
968 1938 1050 2025 apud
1074 1935 1268 2007 Turonenses
1294 1942 1416 2025 peritus
1441 1939 1517 2005 arti·

509 2045 563 2107 fex
583 2035 666 2099 eirca
687 2034 827 2098 medium
850 2034 921 2095 XV.
951 2033 1063 2099 saeculi
1086 2078 1098 2108 ‚
1129 2029 1230 2097 mitius
1254 2034 1297 2097 est
1321 2038 1519 2126 Mogontirun

508 2160 528 2203 a
557 2129 780 2198 LUDOVICO
802 2130 860 2194 xl·
896 2130 1071 2196 Galliarum
1102 2128 1189 2215 Rege
1214 2175 1228 2204 ,
1258 2132 1314 2215 qui
1340 2133 1520 2199 Turonibus

509 2234 615 2299 sedem
651 2228 762 2304 suam,
788 2226 951 2313 aulamque
981 2231 1122 2291 fixerat·
1152 2225 1241 2289 Circa
1275 2248 1387 2291 annum
1418 2239 1520 2304 1462.

509 2332 545 2395 in
563 2327 763 2391 Germaniam
782 2324 939 2410 professus
960 2321 1003 2389 est
1029 2320 1183 2393 JENSON
1206 2321 1442 2413 Typographiae
1468 2326 1521 2395 di·

428 2463 431 2469 ,
510 2425 640 2491 suendae
660 2417 787 2495 cauffo,
812 2441 905 2506 quam
939 2422 991 2484 ubi
1014 2421 1142 2511 edottus
1169 2418 1258 2491 fuit,
1285 2423 1324 2484 ad
1349 2418 1436 2485 suunr
1456 2422 1521 2485 Re·

510 2542 582 2616 gem
607 2520 703 2586 rediit
724 2522 864 2605 (atquo
887 2538 968 2582 anno
992 2517 1146 2582 incertum
1170 2519 1185 2600 )
1212 2514 1279 2582 suae
1304 2517 1436 2605 peritiae
1471 2537 1526 2584 ex·

450 2643 453 2649 ·
486 2621 687 2711 parimento
713 2618 869 2694 foetorum
896 2615 949 2682 sed
968 2637 1040 2681 cunr
1072 2637 1200 2705 regnum
1227 2615 1348 2682 Galliae
1383 2615 1422 2680 iis
1445 2631 1527 2682 tem·

514 2717 646 2806 poribus
673 2714 798 2791 ‚berlin
830 2711 1045 2801 intestinisque
1077 2712 1203 2778 diffidiis
1236 2715 1320 2778 foret
1349 2715 1527 2802 agitatum,

473 2810 475 2814 ’
513 2816 587 2882 Rex
609 2810 846 2878 constituendae
885 2808 1125 2900 Typographiae
1154 2809 1345 2894 propofiturn
1381 2812 1526 2893 abjecit.

514 2914 606 3004 Quae
627 2932 699 2976 curn
719 2911 767 2974 ita
796 2908 857 2972 srnt
878 2952 890 2982 ,
914 2909 1077 2974 immerito
1103 2905 1226 2994 prorsus
1259 2913 1336 2974 artis
1362 2909 1527 3000 Typogra·

515 3007 624 3095 phicae
646 3007 765 3092 primus
784 3009 891 3068 auetor
911 3005 944 3067 in
965 3005 1068 3067 Gallia
1085 3001 1302 3073 JENSONIUS
1324 3009 1523 3094 praedicator

514 3103 534 3168 ι’
551 3101 660 3165 multis
676 3101 902 3187 scriptoribus,
918 3123 999 3188 quos
1011 3101 1151 3166 recenset
1162 3100 1391 3170 WOLFFIUS.
1413 3105 1523 3192 Neque

514 3199 612 3266 'etiarn
636 3196 827 3268 JENSONII
846 3200 934 3283 typis
960 3199 1146 3264 tribuendus
1171 3196 1215 3263 est
1236 3199 1360 3266 libellus
1383 3203 1482 3269 Florii
1495 3208 1528 3270 dr

515 3300 663 3364 umoribus
693 3296 850 3370 Camilli,
867 3291 904 3364 θ’
940 3301 1087 3372 Aemiliae
1124 3297 1289 3364 Turonibru
1329 3302 1421 3366 editus
1453 3322 1528 3370 rnna

519 3400 646 3468 ¹⁴⁶7u
662 3392 918 3478 quandoquidem
941 3397 1131 3460 contrarium
1148 3394 1371 3459 demonstravit
1394 3395 1440 3459 D.
1451 3398 1527 3462 DE.
1642 3417 1645 3422 ·

516 3487 823 3559 ΡΟΝΟΕΜΑΕΝΕ,
843 3492 876 3554 in
909 3490 1018 3564 iibm,
1052 3493 1102 3556 cui
1141 3491 1255 3556 titulus
1276 3509 1285 3553 τ
1310 3497 1465 3563 Memor'res
1496 3500 1528 3566 dp

506 3589 692 3662 -I'Arudrmir
720 3588 799 3654 Tum.
815 3587 867 3657 IV·
887 3593 921 3656 dr
934 3591 1096 3657 I’Hr'fioirr
1113 3589 1191 3654 edit.
1207 3589 1239 3650 in
1259 3611 1313 3654 12.
1334 3614 1403 3680 pag.
1417 3613 1523 3673 490„

514 3687 548 3750 δι
574 3684 731 3749 recentius
759 3686 955 3749 confirmavit
976 3687 1080 3750 Abbas
1105 3686 1167 3748 DE
1186 3685 1309 3750 SAINT
1326 3687 1470 3752 LEGER
1492 3689 1526 3752 in

512 3799 632 3866 opere:
658 3783 860 3871 Supplrrnentr
882 3807 903 3849 a
922 3784 1066 3852 I'hr'fioire
1078 3789 1111 3851 dr
1125 3781 1331 3871 l'rmprrnerie
1354 3792 1387 3853 dr
1405 3785 1524 3852 PROS-

418 3922 421 3926 -
512 3877 595 3948 PER
617 3879 886 3970 MARCHAND,
908 3881 1031 3969 Formis
1060 3881 1152 3948 edito
1181 3903 1253 3952 ano.
1280 3904 1387 3971 1775.
1423 3884 1457 3950 in
1493 3909 1526 3957 4.

482 4001 484 4003 ’
1451 4001 1523 4068 1³³5·
