3592 5150
1371 210 1526 283 ,εἶ

1467 293 1479 305 t

843 543 848 549 ·
1006 501 1268 624 ‘XVJ
1362 497 1608 587 S'AtE
1672 509 2064 585 CULIv
2440 532 2575 612 137

665 737 1193 870 finum-Auem
1281 778 1523 862 Vitae
1590 779 1954 862 virorum
2034 774 2468 863 illustr-ium
2527 808 2575 863 e

526 904 875 986 Graeco
936 902 1016 984 in
1080 887 1796 983 Latinum-factae
1875 924 1924 979 a
1995 896 2235 980 variis
2292 902 2578 1001 aucto-

541 1017 843 1116 ribu5‚
943 1010 1595 1126 recognoscente
1689 1017 2074 1129 Johanne
2196 1016 2576 1101 Antonio

531 1140 1049 1245 Campano.

690 1250 1034 1360 Anst’r
1097 1247 1445 1356 Tarpeii
1534 1241 1775 1363 custos
1829 1256 2007 1338 &⁹0-
2086 1295 2090 1298 ·

627 1366 637 1387 ’
761 1368 1065 1449 Omni‘a
1109 1360 1377 1444 vincit
1443 1364 1724 1446 homo.
1787 1364 1868 1445 in
1927 1362 2084 1449 fol.
2154 1364 2341 1478 (i).

645 1487 852 1589 Τιτι
912 1486 1139 1566 Ltvu
1214 1480 2182 1566 PataviniHistoria'rum
2245 1483 2564 1565 Roma-

530 1629 824 1753 narum
878 1595 1257 1682 Decades
1298 1648 1355 1693 ,
1360 1594 1469 1677 ὃ(
1522 1594 1715 1679 libri
1774 1650 1804 1698 ,
1883 1600 2023 1711 qui
2083 1595 2569 1796 supersurg-

704 1765 706 1767 ,
2511 1728 2600 1828 n-

523 1920 655 2008 logi
680 1957 703 1992 ,
757 1915 821 1980 &
874 1916 1143 1984 indicis.
1213 1907 1389 2005 Opus
1444 1915 1753 1983 dividitur
1796 1918 1867 1981 -in
1925 1919 2124 1984 libros
2175 1920 2289 1985 lv.
2319 1960 2351 1995 ,
2388 1918 2572 1985 tituli

523 2036 745 2081 omnes
811 2014 1025 2078 colore
1088 2016 1277 2080 rubro
1336 2016 1789 2103 imprimuntur
1829 2058 1853 2088 ,
1922 2015 1989 2079 &
2033 2017 2102 2082 in
2141 2020 2279 2083 ‘fine
2332 2016 2571 2107 legitur,

520 2115 777 2178 laudata
822 2108 1191 2198 subscriptio
1236 2112 1464 2201 absque
1516 2114 1661 2179 anni
1709 2129 1865 2177 nota
1894 2154 1913 2175 .
1955 2113 2122 2179 Ante
2175 2128 2390 2180 autem
2431 2114 2568 2181 exi-

522 2227 660 2275 tum
707 2208 849 2269 anni
899 2229 1099 2283 ¹470·
1173 2207 1290 2275 hoc
1361 2207 1657 2295 prodiisse
1721 2213 1913 2276 docet
1978 2211 2353 2298 subscriptio
2413 2212 2566 2276 affir-

518 2326 691 2372 mans
713 2349 735 2379 ,
814 2303 1013 2391 ipsum
1066 2303 1238 2371 fu'iffe
1306 2304 1660 2394 impressum
1707 2310 1791 2371 de
1838 2311 2135 2374 mandato
2175 2300 2498 2379 [Auctoris
2537 2351 2564 2382 ‚

507 2404 631 2493 qui
686 2416 829 2465 ante
875 2404 1119 2467 exitum
1166 2402 1308 2467 anni
1358 2423 1558 2480 1470.
1618 2410 1739 2483 jam
1778 2399 2116 2471 excesserat
2153 2451 2173 2472 .
2222 2406 2386 2470 Hinc
2425 2402 2564 2469 cor-'-

515 2502 808 2591 rigendus
894 2499 1317 2564 FABRICIUS
1400 2504 1566 2567 Bibl.
1634 2508 1775 2570 med·
1806 2545 1831 2577 ‚
1891 2501 1962 2571 <5
2021 2501 2170 2589 infr.
2224 2505 2367 2569 Lat.
2417 2506 2562 2570 edit.

514 2601 730 2668 Pata-v.
774 2597 935 2664 Tom.
977 2597 1085 2666 JV.
1135 2599 1355 2664 dicens
1404 2599 1669 2684 primam
1722 2597 1903 2679 hujus
1944 2600 2298 2663 editionem
2341 2601 2562 2662 fastam

514 2694 689 2761 fuiffe
738 2695 1043 2763 Pan-ntiae
1085 2694 1149 2760 in
1198 2694 1487 2780 Hispania
1516 2739 1535 2759 .
1589 2695 1661 2758 Id
1712 2696 1775 2760 in
1825 2696 2107 2758 editione
2153 2693 2265 2758 bac
2300 2694 2563 2781 lingula-

513 2815 579 2860 re
616 2791 704 2860 est
730 2837 753 2868 ‚
804 2795 977 2878 quod
1000 2790 1356 2856 observavit
1400 2788 1746 2856 DEBURE
1796 2794 2083 2876 Bibliogr.
2133 2792 2394 2863 ῖηξῖνιιδΐ.
2447 2814 2560 2856 nu-

506 2915 649 2960 mer.
690 2897 894 2970 5516.
948 2890 1115 2954 inter
1159 2888 1536 2974 exemplaria
1588 2930 1612 2960 ‚
1690 2910 1852 2975 quae
1896 2887 2153 2950 Parisiis
2203 2888 2494 2952 trafitavit
2529 2929 2560 2966 ,

509 3010 700 3054 unum
756 2982 929 3051 fuisse
980 2981 1328 3071 impressum
1371 2987 1599 3071 partim
1647 2987 1713 3050 in
1769 2984 2208 3060 membranis,
2270 2986 2556 3070 partim..-

515 3087 587 3151 in
629 3085 840 3152 charta
890 3084 1258 3148 communi.

637 3188 721 3269 (ἰ)
802 3181 969 3246 Huic
1045 3178 1280 3266 praeest
1346 3179 1723 3244 CAMPANI
1775 3177 1952 3267 epist.
1994 3125 2074 3244 ad
2113 3178 2374 3244 CARD.
2424 3181 2558 3244 PA-

505 3279 919 3355 PIENSEM‚
971 3279 1038 3346 &
1090 3281 1316 3344 eodem
1371 3279 1587 3354 solie,
1641 3276 1762 3342 sed
1817 3275 2033 3344 averso
2078 3279 2314 3367 legitur
2361 3280 2554 3342 index

505 3380 775 3444 vitarum
837 3396 978 3442 cum
1006 3382 1259 3442 nomine
1308 3378 1773 3458 interpretum,
1825 3375 2096 3440 &solio
2149 3377 2431 3462 sequenti
2461 3375 2554 3440 so·-

504 3476 622 3539 lita
662 3474 1028 3561 subscriptio
1058 3521 1079 3551 ,
1138 3475 1490 3540 nullatenus
1549 3493 1701 3538 vero
1729 3493 1864 3540 nec
1921 3472 1987 3536 in
2036 3494 2226 3560 opere
2261 3520 2284 3550 ,
2344 3476 2564 3540 necin

510 3573 630 3634 fine
678 3570 888 3654 operis
920 3615 938 3635 .
1012 3575 1192 3637 Hunc
1240 3589 1388 3638 ante
1428 3589 1677 3634 'annum
1717 3576 1919 3648 14'70.
1969 3567 2263 3656 prodiisse
2309 3614 2334 3644 ‚
2401 3573 2558 3636 sicut

509 3669 859 3752 superiores
939 3671 1170 3750 (nulla
1220 3673 1452 3760 signata
1503 3669 1650 3733 anni
1701 3670 1904 3749 nota)
1977 3685 2224 3752 certum
2273 3664 2361 3734 est
2406 3689 2556 3751 pro·-

506 3780 654 3854 pter
697 3767 980 3829 eamdem
1028 3768 1336 3832 rationem
1369 3813 1386 3833 .
1457 3765 1679 3830 Exstat
1716 3786 1862 3830 vero
1898 3767 1964 3828 in
1993 3762 2383 3828 Bibliotheca
2405 3767 2553 3831 RR.

500 3863 627 3932 PP.
658 3867 968 3933 Arate-zeli
995 3909 1018 3938 ,
1070 3887 1228 3951 quae
1277 3863 1499 3930 multis
1542 3863 1797 3928 aliunde
1853 3860 2033 3940 hujus
2064 3861 2324 3946 -generis
2390 3861 2562 3946 poti·-

499 3974 609 4024 tur
663 3958 931 4028 cimeliis
962 4005 987 4040 ,
1037 3981 1197 4048 quae
1241 3962 1514 4027 comiter
1565 3965 1846 4031 externis
1917 3955 2457 4054 communicantur
2489 4001 2508 4024 .
