3592 5150
222 607 227 614 ¹
573 498 698 590 XV.
751 498 876 570 SAE
907 500 938 571 C
966 500 1001 575 U
1027 500 1100 575 LI
1290 525 1356 599 ¹39

346 632 1354 724 w

398 772 458 852 Μ.
485 768 532 849 Τ.
554 770 805 856 Ciceioiirs
841 769 903 851 De
935 770 1120 884 Oratore
1148 771 1261 857 libri
1277 778 1357 861 ΙΙΙ.

335 939 339 947 -
1292 901 1354 975 De

333 1130 397 1191 slus
420 1124 520 1188 LIVII
540 1124 749 1207 manuscripta
778 1141 852 1207 prae
876 1118 1019 1183 manibus
1044 1116 1217 1201 babuerit3
1237 1123 1269 1187 id
1297 1148 1350 1191 ve·

332 1244 368 1287 ro
390 1213 491 1286 nilnus
517 1238 661 1285 accurate
689 1221 807 1284 ditium
831 1212 898 1279 est.
924 1216 1060 1301 Legitur
1086 1222 1167 1282 enim
1191 1218 1352 1305 epistola...

328 1317 367 1383 ad
391 1318 671 1382 CARDINALEM
711 1312 945 1377 PAPIENSEM
956 1355 966 1383 ,
1001 1334 1096 1399 qttern
1117 1318 1274 1401 praemisit
1299 1320 1354 1382 LI,

329 1416 405 1481 vlo
431 1414 522 1494 liujus
545 1412 697 1477 editionis
719 1408 964 1479 CAMPANUS',
989 1407 1021 1471 dc
1045 1430 1139 1497 quam
1161 1409 1278 1477 iteruin
1295 1418 1372 1479 im-'

327 1513 423 1599 primi
444 1512 567 1575 curavit
591 1511 624 1572 iii
648 1499 839 1578 Caineemrsi‘i
860 1525 960 1573 rerum
980 1509 1212 1575 memorabilium
1235 1510 1289 1574 ΡΗ
1309 1513 1353 1578 11.
1413 1566 1415 1571 .

327 1608 414 1680 editis
448 1606 637 1692 Freeeosueea‘
669 1627 744 1671 eane
773 1612 875 1678 1614.
904 1605 942 1667 ln
972 1602 1029 1687 fol.
1056 1621 1127 1695 pop.
1160 1629 1238 1686 722.
1259 1652 1271 1682 ,
1295 1610 1352 1675 ubi

327 1703 546 1769 CAMPANUS
581 1702 650 1789 poll
670 1702 765 1767 fusam
796 1718 957 1765 tantorum
972 1710 973 1713 ’
988 1698 1129 1765 laborum
1165 1704 1353 1792 descriptio-

327 1822 399 1865 nem
422 1800 538 1865 diserte
552 1800 682 1874 scribit,
703 1802 868 1887 secoslete's
881 1800 1248 1886 exemplarlbecplure‘eea‘r
1261 1826 1352 1870 uenire

326 1904 441 1963 tendere
461 1901 671 1965 uberioribus
699 1911 887 1985 repurgatum
916 1900 982 1982 suis
1010 1895 1197 1986 typographis
1222 1906 1353 1968 edendum

289 2055 292 2061 .
326 1995 445 2084 dediffe,
463 1998 551 2083 seque
568 2001 701 2082 primum
719 1994 805 2084 fiilffe
824 1998 1029 2081 pronuntiat,
1055 2001 1117 2085 qel-
1130 2002 1204 2067 heac
1224 2002 1352 2067 leborini
1444 2014 1446 2020 ⁴

319 2094 515 2180 susceperit.
550 2092 657 2156 Multo
692 2093 789 2157 etiarn
816 2090 1011 2177 probabilius
1034 2090 1111 2167 est,
1118 2131 1121 2145 ι
1145 2096 1351 2161 ΕΑΗΒΙΝΑ-

326 2190 416 2254 LEM
439 2188 670 2253 PAPIENSEM
695 2187 751 2252 lios
777 2189 915 2254 Codices
941 2206 1041 2263 mas,
1068 2208 1146 2277 quos
1172 2194 1236 2281 ipse
1263 2210 1351 2259 tanta

323 2286 490 2375 diligentia
513 2288 755 2386 conquisierat,
780 2285 984 2350 CAMPANO
1011 2284 1272 2367 subministrasse,
1301 2306 1350 2356 at·

242 2446 267 2471 -.
321 2408 383 2474 que
408 2385 505 2449 etiam
526 2402 655 2447 certum
673 2380 718 2449 est
742 2379 892 2449 exstitisse
927 2383 1038 2448 inter
1050 2383 1124 2453 bace
1157 2388 1347 2477 exemplaria

310 2484 400 2549 -itlud
434 2480 675 2547 PLUTARCHI
706 2488 743 2549 de
775 2484 849 2547 uitii
876 2486 1011 2548 aeremia
1036 2486 1225 2561 iterantium,
1263 2486 1351 2574 quod

315 2577 520 2667 'DOMATUS
546 2579 793 2648 ACCIAJOLUS
815 2597 1051 2665 comparaverat
1080 2580 1188 2666 (teste
1213 2583 1271 2646 lib.
1300 2581 1349 2644 su

320 2678 478 2766 pracitato
499 2696 569 2764 pag.
598 2700 677 2755 542.
691 2677 729 2756 ),
753 2695 851 2760 atque
871 2674 934 2738 boc
965 2677 1049 2738 idem
1088 2677 1133 2740 est'
1157 2679 1348 2764 exemplar,

218 2833 223 2844 .
320 2798 387 2863 quo
408 2773 479 2837 osus
503 2770 548 2837 est
568 2771 789 2836 CAMPANUS
818 2773 850 2833 iii
875 2775 1010 2857 paranda
1032 2773 1139 2857 operis
1165 2773 1252 2853 hujus
1280 2775 1349 2840 edi·

318 2875 407 2938 tione
430 2872 543 2936 eodeni
569 2885 735 2954 tempore,
757 2890 792 2932 ac
822 2867 969 2931 LlVIUM
993 2870 1149 2952 parabat.
1178 2872 1344 2938 Praeterea

316 2970 404 3036 ouini
433 2983 519 3032 caret
556 2967 827 3032 verisimilitudine
866 2963 1101 3028 CAMPANUM
1138 2969 1344 3047 JOHANNIS
1389 2971 1390 2974 ’

193 3075 198 3084 ’
248 3139 252 3144 ,
316 3066 525 3144 ANDREAE
550 3065 710 3130 laboribus
731 3065 879 3128 indecore
902 3061 1031 3126 omnino
1052 3063 1140 3128 usum
1166 3041 1276 3146 luisse,
1303 3088 1344 3132 ao

183 3210 186 3214 .
256 3210 259 3215 -
301 3161 517 3258 ίρηείεῐτίπι
521 3182 689 3248 tempore,
710 3182 774 3248 quo
799 3160 891 3248 primi
918 3159 966 3224 illi
992 3159 1152 3230 Romanae
1183 3167 1345 3254 Typogra·

116 3327 122 3338 ,
231 3342 235 3350 ,
316 3262 409 3350 pbiae
432 3260 584 3329 nascentis
609 3265 753 3340 aridiores
786 3257 848 3324 sese
868 3275 979 3320 rnurua
995 3258 1206 3328 aemulatione
1213 3265 1345 3378 procul·

316 3356 414 3425 dubio
439 3347 738 3448 prosequebantur.
765 3359 1022 3448 Qiaenamvere
1042 3363 1244 3446 computatio
1259 3359 1345 3426 insti·
1378 3380 1379 3383 ’

299 3460 364 3521 'toi
398 3457 501 3543 potest
538 3451 756 3521 indefessum
745 3471 831 3520 inter
854 3453 1043 3519 CAMPANI
1076 3456 1246 3524 laborem
1236 3479 1268 3522 in
1291 3457 1346 3522 LI·
1450 3471 1456 3488 ·

318 3555 453 3618 VIANA
473 3562 597 3624 editione
619 3541 822 3626 adorn'anda,
844 3552 911 3616 &
902 3569 986 3616 inter
1003 3556 1144 3630 nudam,
1167 3577 1208 3618 ac
1226 3555 1347 3640 simpli

285 3694 290 3703 ι
318 3673 385 3716 cem
414 3674 432 3713 a
467 3636 665 3722 JOHANRE
704 3651 885 3717 ANDREA
908 3665 1083 3714 tentatam
1090 3652 1341 3716 imitationem.
1329 3645 1344 3698 ἶ

206 3831 209 3836 .
317 3749 454 3814 Aliunde
470 3749 618 3812 Romae
609 3771 674 3826 iam
689 3750 769 3815 aliae
787 3766 876 3814 erant
898 3746 1139 3824 Bibliothecae,
1160 3751 1248 3812 inter
1266 3767 1346 3836 quas

315 3848 471 3913 niimerari
496 3840 645 3941 posset,
669 3867 756 3931 quae
783 3861 851 3911 erat
881 3842 1091 3910 POMPONII
1129 3845 1291 3922 LAETI
1281 3867 1345 3908 ina

1223 3941 1349 4025 Mon·
