3592 5150
954 496 1051 594 gs
1266 489 1394 562 DE
1440 482 2183 559 TYPooRAPHIA.
2224 483 2656 560 ROMANA
2900 494 2901 498 ¹

959 772 1220 861 gens,
1289 743 1367 824 in
1444 739 1595 819 suis
1684 732 2046 847 epistolis
2117 738 2745 845 'sypographiae
2806 740 2978 850 jam

956 869 1063 952 ab
1129 887 1344 945 anno
1420 858 1656 962 1465.
1746 852 2204 937 Mediolani
2262 854 2689 941 institutae·
2753 886 2984 941 men-

958 986 1274 1068 tionem
1325 999 1484 1057 non
1525 968 2184 1083 praetermisisset
2222 1028 2242 1049 .
2306 974 2402 1054 Et
2447 968 2781 1057 aliunde
2838 1001 2985 1058 an-

959 1130 1071 1185 no
1144 1114 1385 1197 ¹475·
1442 1090 1912 1196 bcriptores
1979 1082 2109 1167 illi
2167 1086 2545 1172 historiae
2595 1090 2979 1199 augustae

959 1209 1428 1303 Mediolani
1509 1203 1769 1316 reipsa
1825 1203 2168 1313 impreffi
2236 1203 2414 1289 sunt
2459 1260 2487 1307 ‚
2555 1208 2632 1289 &
2714 1207 2980 1291 editio

951 1330 1103 1418 illa
1179 1326 1596 1410 neminem
1682 1320 2102 1407 eruditum
2184 1316 2464 1432 latet3
2523 1322 2605 1405 in
2690 1324 2982 1409 multis

954 1449 1180 1536 enim
1218 1440 1741 1529 Bibliothecis
1805 1439 2216 1547 reperitur
2247 1498 2271 1521 .
2322 1439 2696 1524 Tandem
2746 1439 2979 1550 quod

958 1568 1187 1652 suam
1237 1558 1734 1647 sententiam
1794 1556 2214 1664 tempori,
2282 1584 2376 1641 ac
2436 1556 2719 1641 itineri
2777 1561 2978 1646 Con-

959 1681 1209 1775 radi,
1280 1680 1356 1757 &
1404 1672 1769 1780 Arnoldt‘
1837 1672 2093 1783 magis
2154 1675 2792 1759 convenientem
2857 1670 2978 1758 af-

963 1797 1247 1884 firmet
1314 1793 1674 1887 sax-ius,
1764 1816 2086 1873 merum
2171 1791 2283 1874 est
2363 1792 2674 1901 ingenii
2751 1814 3020 1877 con1-·

963 1900 1400 1999 mentum.
1474 1904 1905 2019 Numquid
1971 1906 2190 1991 enim
2251 1905 2379 1988 illi
2447 1906 3044 2019 Typographiv

962 2032 1128 2115 iter
1171 2022 1565 2112 facientes
1622 2024 1904 2135 praela
1963 2049 2357 2108 exercere
2402 2025 2766 2111 debuere
2814 2031 2988 2112 Me-

966 2141 1287 2229 diolani
1364 2144 1638 2253 potius
1681 2196 1710 2241 ‚
1770 2170 2017 2256 quarn
2095 2147 2430 2227 Genuae
2475 2194 2501 2240 2
2577 2144 2983 2243 Taurini,

962 2266 1315 2348 Parmae
1340 2316 1367 2362 ,
1417 2266 1493 2343 &
1534 2261 1827 2346 ceteris
1859 2262 1936 2341 in
1969 2259 2304 2343 urbibus
2335 2310 2362 2354 ,
2397 2285 2601 2370 quae
2636 2260 2984 2370 quidem

966 2380 1544 2493 Typographis
1619 2378 1723 2461 ad
1814 2374 2406 2460 Monasterium
2492 2374 2988 2463 Sublacense

960 2505 1129 2591 iter
1185 2498 1515 2584 facturis
1576 2494 1922 2610 perinde
1979 2496 2593 2611 occurrebant.
2651 2497 2734 2581 si
2789 2520 2984 2580 cum

2725 2639 2989 2698 omni-

966 2787 2993 2831 r-——--——-———---—---—--

977 2874 1220 2941 diolani
1273 2871 1697 2962 impl-effatum
1723 2921 1746 2952 ‚
1797 2875 2131 2963 suppolitia
2181 2879 2266 2945 est
2295 2923 2318 2954 ‚
2372 2880 2520 2967 quia
2575 2901 2700 2944 non
2759 2876 2987 2964 allega-

964 2987 1075 3035 tut
1138 2997 1173 3061 a
1232 2974 1486 3038 SAXIO
1518 2999 1554 3046 ‚·
1593 2995 1709 3038 nec
1784 2971 1905 3035 alia
1972 2975 2267 3040 innititur
2331 2978 2702 3043 auetoritate
2733 3019 2755 3049 ,
2801 2993 2992 3060 quam

963 3066 1487 3142 BEUGHEMss,
1541 3093 1697 3155 quae
1746 3069 1872 3134 sola
1903 3072 2128 3136 nullius
2173 3072 2260 3138 est
2297 3076 2634 3160 ponderis.
2677 3073 2850 3136 Idem
2885 3070 2984 3134 di-

964 3166 1230 3232 cendum
1270 3166 1348 3228 de
1379 3165 1854 3232 PLUTARCHI
1884 3171 2183 3253 operibus
2224 3170 2419 3236 latine
2469 3173 2652 3259 impr.
2675 3168 2987 3231 Mediola-

959 3263 1028 3329 ni
1074 3281 1237 3324 anno
1275 3271 1478 3339 1467.
1514 3305 1536 3334 ‚
1585 3265 1653 3328 δέ
1680 3268 1759 3330 de
1809 3265 2412 3333 XENOPHONTIS
2454 3260 2848 3353 Cyropaedia
2905 3285 2986 3328 ex

964 3360 1246 3430 verfione
1296 3358 1727 3426 FRANclscl
1763 3363 2209 3428 PHILELPHI
2264 3373 2465 3441 1467.
2489 3409 2512 3438 ,
2557 3383 2823 3450 quornm
2859 3383 2994 3428 ver-

963 3456 1153 3522 sionis
1198 3476 1394 3520 annus
1454 3478 1571 3540 pro
1621 3481 1700 3526 eo
1747 3461 2154 3548 impreffionis
2230 3460 2479 3525 habitus
2548 3458 2673 3536 est,
2725 3477 2797 3525 ut
2848 3481 2998 3524 con-

961 3553 1082 3619 stat
1146 3577 1218 3619 ex
1282 3554 1550 3642 catalog.
1603 3557 1885 3639 SMITH.
1936 3580 2078 3646 pag.
2129 3579 2202 3637 51
2219 3581 2281 3640 3.
2344 3545 2533 3620 Ideni
2573 3558 2676 3622 dic
2728 3563 2806 3624 de
2852 3559 2990 3621 BA-

957 3651 1305 3716 PTISTAE
1355 3653 1701 3717 PULGOSI
1745 3671 2002 3720 anteros
2042 3657 2230 3738 impr.
2258 3657 2422 3739 apud
2471 3655 2798 3720 PACHEL
2845 3675 2988 3722 ann.

961 3759 1171 3830 ¹4⁶9·
1234 3755 1431 3816 Error
1486 3751 1649 3815 enim
1707 3751 1999 3836 provenit
2063 3775 2142 3816 ex
2217 3753 2511 3816 cistarum
2587 3755 2983 3826 inverfione2

859 3916 861 3918 v
948 3847 1099 3934 quia
1153 3849 1479 3916 PACHEL
1534 3848 1733 3932 reipsa
1773 3869 1935 3912 anno
1975 3854 2185 3928 1496.
2219 3851 2447 3913 librum
2510 3851 2670 3918 hunc
2723 3847 2981 3940 impres-

943 3942 1149 4016 its&
1191 3938 1537 4017 Mediolani
1586 3967 1745 4013 anuo
1794 3953 2000 4029 1478.
2047 3948 2263 4034 coepit
2316 3950 2704 4035 impritnere·
