3592 5150
451 473 519 557 140
649 438 863 518 INDEX
914 435 1247 513 LIBRORUM

445 704 511 784 De
541 703 722 782 Oratore
747 697 800 778 ad
829 701 1031 800 Brutum,
1067 703 1310 815 &perfetio
1346 665 1470 822 gene-

447 844 492 904 re
525 811 729 896 dicendi·
761 814 882 897 Anno
926 816 1081 936 Chrtssi
1110 825 1470 914 MCCCCLXIX.

1382 942 1469 1027 Die

459 1128 1453 1174 Q

431 1216 557 1323 'uano
575 1244 756 1342 Qnrnm,
779 1249 813 1316 a
838 1246 1003 1318 arorsn
1027 1252 1227 1331 ruscmu,
1259 1273 1402 1348 quaeque
1427 1260 1462 1326 n

445 1353 574 1420 aedibus
595 1349 748 1416 Mediceis
772 1344 908 1414 exstabat
934 1371 1029 1437 prope
1044 1354 1185 1416 Sansium
1198 1353 1403 1434 Eustachium
1419 1359 1461 1424 ad

447 1449 599 1516 Thermae
619 1445 865 1523 Alexandrinas,
891 1447 946 1510 ubi
967 1469 1048 1512 nunc
1069 1450 1264 1514 Praetorium
1284 1451 1395 1518 Urbis.

518 1546 629 1612 Tertia
661 1544 770 1628 opinio
801 1540 845 1608 est
874 1543 1004 1632 primam
1033 1547 1235 1614 Deeadema
1260 1549 1486 1637 CAMPANO⁴

449 1647 635 1734 vulgatam,
655 1637 869 1728 priusquidem
896 1637 1044 1710 exstitisse
1072 1647 1194 1714 editione
1218 1645 1470 1726 VINDELINI,

447 1745 502 1808 sed
527 1739 607 1806 hunc
624 1734 737 1826 postea,
753 1737 906 1812 tertiam,
921 1739 965 1804 ’δι
990 1758 1132 1828 quartam
1157 1743 1303 1809 Decades
1322 1767 1361 1810 ex
1379 1747 1471 1812 ViN-

449 1838 598 1906 DELlNI
621 1838 743 1904 editiore
766 1833 983 1922 descripsrffe.
1021 1840 1096 1925 Quo
1124 1841 1328 1907 fundamento
1350 1844 1470 1912 nitatur

446 1941 514 2003 tale
536 1937 742 2023 figmentum,
764 1936 999 2018 expendamus.
1022 1936 1115 2000 Nulla
1142 1936 1202 2000 alia
1224 1937 1341 2004 nititur
1363 1947 1470 2008 austo-

451 2037 574 2106 ritate,
596 2031 651 2094 nisr
672 2028 725 2092 usu
745 2029 989 2106 vetsrcuiorum,
1019 2054 1099 2119 quos
1119 2031 1339 2100 CAMPANUS
1357 2037 1472 2103 ULRI·

371 2128 381 2140 '
448 2130 536 2195 RlCI
557 2126 752 2193 editionibus
777 2145 836 2211 pro
857 2149 945 2193 more
980 2126 1035 2191 suo
1058 2129 1177 2195 exarari
1199 2134 1341 2198 curauit.
1366 2121 1477 2200 CAM·¹

448 2227 576 2293 Pauus
594 2224 677 2289 enirn
699 2222 872 2309 (inquiunt
891 2223 982 2304 hujus
996 2226 1154 2312 opinionis
1173 2225 1376 2314 adsertores)
1394 2253 1471 2298 eon·

448 2325 557 2390 suetos
574 2319 820 2398 versuaadjecit
855 2338 979 2386 tantum
1013 2320 1081 2408 post
1116 2324 1247 2409 primam
1271 2326 1468 2404 Decadem,

447 2441 510 2488 non
532 2441 606 2485 vero
629 2414 696 2504 post
718 2421 846 2482 tertiam
865 2431 892 2499 3·
916 2439 984 2505 quo
1014 2438 1202 2510 argumento
1228 2423 1354 2507 probari
1382 2433 1470 2508 ajunt

447 2517 579 2608 primam
601 2516 761 2581 Decadem
782 2522 845 2596 jam
871 2511 957 2582 fuisse
979 2518 1163 2604 expletam,
1189 2519 1367 2587 nuliatenus
1397 2545 1471 2593 vero

447 2618 599 2691 tertiam,
623 2614 744 2701 alioqui
768 2615 892 2681 eosdem
915 2616 1021 2681 versus
1045 2615 1112 2703 post
1140 2616 1236 2704 ipsam
1259 2619 1466 2689 adhibuiffet.

447 2718 508 2781 Sed
539 2716 680 2799 irreptum
710 2710 780 2777 sane
816 2711 860 2778 est
882 2713 941 2777 hoc
976 2720 1194 2803 argumentum
1218 2739 1230 2794 3
1258 2720 1474 2808 typographus
1504 2780 1507 2787 .
1573 2786 1577 2795 ,

447 2812 531 2879 enim
554 2815 619 2876 duo
643 2821 765 2873 tantum
791 2811 950 2875 volumina
984 2807 1147 2877 efformare
1172 2813 1227 2878 srbi
1253 2818 1472 2902 proposuerat,

448 2912 534 2975 itaut
559 2906 617 2971 hoc
642 2909 739 2969 modo
761 2906 794 2970 in
815 2908 875 2973 fine
899 2908 1063 2997 utriusque
1090 2908 1182 2974 solita
1209 2908 1344 2975 exstaret
1368 2914 1473 2977 CAM·

448 3005 544 3071 PANI
565 3002 746 3087 inscriptio·
768 3006 836 3067 Cur
859 3026 924 3067 non
942 3010 1060 3091 pariter
1074 3006 1297 3079 affirmant'ii,
1317 3010 1374 3093 qui
1393 3007 1471 3073 hane

447 3116 559 3169 tenent
579 3099 789 3185 opinionem,
819 3102 953 3167 FLORI'
971 3110 1111 3192 epitomen
1133 3105 1167 3168 in
1196 3123 1274 3177 140·
1299 3104 1399 3167 libros
1417 3100 1473 3167 LI·

447 3200 507 3263 vll
533 3197 586 3261 sub
605 3215 668 3259 uno
691 3194 770 3261 iicet
782 3238 795 3270 ‚
832 3202 1008 3287 eodemque
1034 3203 1133 3266 trium
1155 3200 1321 3265 Decadum
1343 3205 1471 3289 regiiiro

447 3290 621 3384 impressam
643 3286 754 3368 fuisse,
780 3309 940 3384 tamquam
959 3318 1039 3385 opus
1061 3298 1278 3385 completum,
1305 3312 1343 3360 ut
1371 3298 1473 3365 veluti

447 3417 542 3459 unum
564 3389 677 3475 corpus
699 3389 873 3477 separatum
896 3396 1068 3471 formaret,
1100 3416 1168 3461 rum
1197 3393 1229 3455 in
1258 3400 1324 3474 ejus
1352 3396 1410 3461 fine
1429 3395 1475 3463 le·

446 3511 538 3582 gatut
557 3488 719 3575 inscriptio
745 3487 864 3556 solitas

409 3644 412 3647 ,
458 3620 461 3626 ·
509 3591 630 3653 Pariter
664 3602 720 3650 cor
747 3588 779 3649 in
807 3592 865 3651 fine
894 3588 1029 3653 vitarum
1057 3586 1294 3653 PLUTARCHI
1327 3593 1469 3659 codena

446 3707 589 3772 tempore
618 3685 776 3751 editarum
800 3684 960 3748 haec'non
982 3681 1081 3749 exstat
1106 3681 1323 3773 subscriptio,
1352 3688 1406 3753 sed
1431 3688 1474 3750 so·
1501 3770 1505 3777 1

445 3788 511 3849 lom
536 3780 604 3870 post
628 3784 855 3879 praefationem
875 3778 889 3849 ζ
912 3780 1103 3881 Aliunde‘sr¹
1117 3803 1183 3851 tter
1194 3785 1344 3859 Decader
1367 3784 1474 3851 conti·

490 3914 493 3919 ¹
630 3898 634 3901 ’
1403 3899 1466 3947 nuo

1707 2255 1714 2695 i

1710 3502 1712 3529 i

1688 3994 1706 4027 Γ
