3592 5150
497 539 545 617 μ
662 521 723 597 οε
753 516 1111 597 turoonnrurn
1141 528 1358 611 nouauit

497 648 1504 735 m

497 788 714 880 ederent,
748 777 897 867 saltem
937 780 1051 891 quod
1096 780 1192 862 anni
1234 802 1335 867 nota
1384 784 1512 871 fuerit

498 902 814 1008 configuratum.
850 902 1000 1010 Neque
1025 897 1136 982 enim
1161 896 1256 985 mihi
1280 892 1513 1013 facileper-

497 1018 651 1101 suadeo
682 1014 871 1105 iliricum
902 1016 997 1097 Han
1030 1016 1081 1099 ab
1109 1040 1237 1125 opere
1276 1017 1513 1113 Cardinaiis

493 1136 543 1220 de
560 1135 885 1218 Turrecremata
916 1130 1054 1215 statim
1083 1131 1183 1215 artis
1209 1128 1299 1217 suae
1326 1132 1510 1233 initium,

497 1271 623 1361 atque
639 1248 974 1359 experimentum
991 1243 1151 1348 feciffe,
1186 1274 1317 1359 neque
1343 1246 1513 1337 alterius

497 1366 695 1483 opusculi.
711 1384 837 1451 antea
873 1364 1102 1476 periculum
1118 1360 1276 1463 feciiie,
1302 1366 1517 1477 negledia',

496 1509 542 1573 ut
561 1486 697 1571 facete
726 1478 921 1583 solebat,
953 1484 1051 1569 anni
1080 1500 1201 1571 nota.
1226 1483 1514 1569 Conveniebat

494 1607 637 1701 enim,
668 1619 711 1685 ut
732 1596 842 1683 suam
864 1605 904 1685 in
932 1604 1005 1687 hae
1031 1618 1123 1687 arte
1143 1602 1368 1713 peritiam,
1394 1626 1512 1713 prae·
1538 1676 1542 1683 .

493 1724 561 1809 via
595 1716 732 1828 operis
762 1715 938 1821 aiicujus
967 1716 1154 1805 editione
1178 1716 1371 1804 testatam
1400 1714 1510 1803 face·

495 1859 559 1923 ret
590 1828 837 1930 cardinali,
868 1852 915 1919 ut
940 1831 1011 1943 ipfi
1044 1832 1153 1921 fatto
1183 1836 1509 1949 comprobaret,

494 1978 577 2039 uon
606 1974 826 2060 perperam
865 1950 933 2035 sua
972 1952 1107 2059 gratia
1137 1950 1270 2061 ipsum
1313 1947 1509 2039 donaffe.
1594 1984 1604 2000 ¹

492 2076 646 2179 Neque
660 2064 742 2165 est,
776 2065 889 2180 quod
917 2066 1143 2175 objiciatur
1162 2068 1398 2153 Cardinalis
1424 2096 1513 2153 me·

488 2186 718 2275 ditationes
747 2183 844 2295 ,jam
888 2180 1134 2295 opusculum
1180 2182 1258 2269 eiie
1296 2186 1414 2295 mole
1447 2185 1516 2268 sua

494 2301 621 2391 vaide
650 2303 879 2413 exiguum.
914 2300 1031 2387 Mole
1063 2304 1163 2398 sua,
1197 2318 1242 2385 ut
1271 2328 1417 2385 verum
1447 2302 1515 2383 di·
1566 2408 1569 2416 Δ

492 2446 666 2519 camus,
696 2421 896 2530 exiguum
918 2420 1009 2529 est3
1043 2414 1111 2504 sed
1138 2414 1385 2523 opusculum
1404 2416 1514 2501 illud

491 2538 681 2654 plurimis
717 2540 884 2634 audium
929 2558 1018 2623 erat
1060 2532 1253 2650 figuris(
1287 2560 1389 2646 opus
1429 2560 1515 2619 non

1713 2122 1718 2162 ἑ

1710 2211 1715 2230 i

1707 2241 1721 2354 t

491 2657 630 2770 exigui
655 2652 836 2754 laboris,
868 2657 1137 2760 &temporis
1166 2681 1241 2760 pro
1268 2653 1315 2738 iis
1346 2672 1513 2762 tempo·
1594 2658 1596 2662 ’
1653 2644 1657 2651 ’
1706 2709 1720 2752 ,.

493 2776 641 2889 ribus)
675 2793 801 2884 atque
831 2769 1031 2884 peculiari
1048 2772 1210 2857 editum
1238 2774 1508 2871 charactere,

492 2921 616 3004 quem
645 2916 722 3000 pro
746 2893 825 2976 hoe
855 2887 944 2974 solo
971 2916 1096 2999 opere
1129 2912 1374 2996 paraverat,
1409 2892 1449 2972 dt
1467 2889 1509 2971 in

484 3002 651 3104 ¹nuliius
671 3009 807 3113 operis
828 3007 1017 3092 editione
1035 3005 1179 3117 postea
1203 3005 1410 3094 adhibitus
1433 3008 1512 3104 est,

490 3122 562 3212 sed
593 3149 669 3234 pro
695 3124 886 3231 repetitis
913 3121 1099 3234 ejusdem
1133 3121 1322 3234 opusculi
1358 3124 1513 3209 editio·

492 3244 611 3331 nibus
643 3239 764 3326 unice
799 3238 1256 3357 consecraturoot).
1289 3242 1446 3328 Verum
1481 3237 1511 3326 fi

1406 3386 1516 3459 COssss

533 3615 635 3708 (108)
661 3615 812 3678 Attamen
841 3615 1032 3701 quandoque
1057 3615 1090 3680 in
1116 3613 1177 3678 suis
1202 3613 1312 3702 primis
1354 3606 1508 3679 editioni·

482 3719 540 3782 bus
563 3713 634 3777 uiue
655 3706 699 3775 est
720 3709 779 3773 iiio
799 3707 972 3776 charactere
999 3711 1249 3778 Meditationum
1281 3729 1339 3797 pto
1360 3708 1509 3794 capitali·

482 3815 540 3878 brat
554 3855 566 3886 ,
591 3823 646 3877 aut
673 3807 788 3894 primia
815 3807 958 3894 capitum
984 3807 1102 3876 lineis.
1129 3807 1229 3889 Hujus
1248 3802 1323 3874 dedi
1350 3803 1506 3894 specimen

483 3909 519 3978 in
542 3911 641 4003 figura
670 3905 805 3973 secunda
821 3901 1165 3994 exhibente-typum,
1190 3901 1445 3996 quemadhibtit
1469 3903 1510 3970 ii·

512 4036 514 4039 ·
1475 3998 1507 4066 le
