3592 5150
482 590 552 655 ,02
656 561 1113 643 nervronnnvnnt
1143 570 1376 653 nonunt,
1418 504 1423 513 ’

479 702 1496 788 m
1723 716 1726 731 ⁴

475 843 548 927 hoc
559 860 677 954 opere
703 828 965 938 consrtmpta,
986 824 1098 908 diem
1123 827 1319 913 ultimum
1335 834 1501 945 claustr„

476 965 558 1047 hoc
589 954 644 1039 est
673 949 745 1031 sub
775 945 901 1029 fiuent
935 945 1029 1027 anni
1065 943 1192 1053 1476.

493 1099 496 1104 ⁴
539 1064 750 1155 Arnoldur
777 1090 877 1147 vero
915 1066 1178 1149 Pannurtza
1207 1060 1352 1175 praelo
1379 1096 1501 1165 nunr-

478 1218 604 1311 quatn
635 1182 812 1270 destitit
843 1182 969 1293 ulque
1014 1176 1066 1263 ad
1110 1182 1307 1269 eumdem
1349 1188 1500 1279 aunnvn'

481 1310 643 1422 1476„
680 1298 897 1408 multaque
939 1324 1066 1409 opera
1096 1302 1134 1383 in
1183 1299 1321 1389 lucent
1359 1309 1501 1411 edidit

477 1426 695 1515 minutiori
722 1418 895 1533 quidem
925 1421 1190 1519 charactere,
1227 1418 1294 1515 led
1326 1418 1500 1537 elegan,

474 1547 602 1637 tinri·
628 1549 693 1627 An
726 1564 828 1623 vero
860 1536 1082 1620 teterrima
1113 1538 1222 1647 peste
1250 1590 1262 1635 ,
1295 1562 1495 1649 quaerut

474 1672 769 1753 Romanorum
790 1654 963 1738 ·civiunr
993 1652 1127 1740 millia
1149 1684 1202 1741 eo
1226 1683 1335 1743 anno
1357 1660 1500 1749 abstu.

475 1786 557 1881 lit,
592 1775 678 1888 ipsc
708 1798 875 1885 qunque
907 1768 1088 1859 sublatus
1121 1770 1278 1873 fuerit,
1311 1803 1362 1865 an
1394 1806 1499 1873 vero¹

473 1902 558 1989 arti
598 1890 954 2005 Typographicae
995 1890 1252 1983 valedixerit
1294 1914 1496 1999 tantumn

469 2048 550 2135 pro
587 2016 753 2099 incerto
785 2008 927 2103 haberi
955 2010 1122 2096 debet·
1157 2010 1373 2130 Quidquid
1412 2018 1492 2117 stt,

398 2175 400 2178 ·
470 2162 637 2233 uerrunt
655 2130 709 2216 eil
729 2146 899 2226 tamen,
924 2138 1026 2240 aput
1042 2128 1376 2240 epistolarum.
1395 2136 1493 2239 Hie,

468 2254 635 2365 ronymt‘
661 2251 741 2334 hoc
762 2274 872 2332 anno
896 2249 948 2331 ab
975 2278 1026 2333 eo
1054 2250 1301 2335 inchoatum
1327 2280 1496 2353 tentan-¹

470 2372 555 2461 fille
583 2360 877 2480 imperfectum
903 2368 1007 2464 ,ita
1036 2386 1079 2450 ut
1115 2370 1316 2475 Georgius
1355 2372 1491 2457 Later

402 2504 405 2507 ’
471 2486 724 2603 eorumdem
754 2486 1038 2569 evanuerunt
1070 2488 1186 2569 heres
1210 2480 1340 2571 faetus
1371 2488 1494 2573 volu·

471 2603 568 2696 uren
607 2611 664 2695 11.
701 2631 812 2688 anno
845 2629 971 2718 1479·
1012 2632 1091 2718 pro
1126 2606 1263 2716 operis
1303 2605 1493 2718 comple·

470 2747 623 2815 mento
656 2721 948 2834 evulgaverit.

479 2905 483 2914 ·
528 2851 617 2930 Hos
649 2841 754 2928 duos
785 2842 1089 2951 Typographos
1115 2843 1156 2926 in
1194 2856 1288 2927 arte
1324 2841 1403 2930 sua
1423 2870 1497 2953 pe·¹

472 2959 832 3045 ritiffinrns-fuille
869 2985 995 3044 nenro
1030 2986 1183 3070 negare
1219 2962 1352 3070 potest
1367 2997 1392 3076 3¹
1415 2991 1499 3046 eo·.

472 3106 569 3185 rum
597 3101 739 3165 tamen
771 3071 998 3178 fortunam¹
1027 3098 1156 3192 atque
1181 3077 1374 3166 officinae
1403 3103 1496 3164 tna-⁴¹

460 3184 596 3309 ¹g'nurn
643 3194 950 3280 detrimentum
996 3199 1141 3284 attulit
1168 3197 1311 3312 major
1354 3197 1489 3294 avidi,-

469 3337 557 3400 tas.
592 3311 808 3425 Siquidem
841 3312 999 3402 invidia
1032 3316 1180 3426 perciti
1219 3318 1260 3398 in
1296 3317 1497 3402 Ulricum'

465 3433 563 3516 Han
591 3431 680 3536 ejus
719 3432 860 3540 praela
906 3451 1100 3524 evertere
1142 3436 1483 3538 meditabantur,

466 3552 506 3630 ἃ
535 3548 708 3660 quidem
746 3548 814 3631 ubi
845 3549 1027 3656 primunr
1046 3552 1211 3635 Ulricus
1232 3551 1387 3636 librum
1412 3554 1491 3638 ali.

462 3682 592 3778 quern
622 3665 810 3765 edebat,
842 3666 979 3750 statim
1007 3669 1049 3750 hi
1077 3669 1163 3754 duo
1190 3669 1346 3756 aemuli
1375 3699 1489 3759 eum·
1539 3715 1541 3720 v

462 3785 557 3884 dent
598 3781 675 3880 suis
699 3783 823 3894 ,typis
866 3781 1003 3867 rursus
1042 3785 1270 3899 vulgabant
1299 3846 1316 3892 ,
1356 3808 1483 3902 atque

461 3899 523 3986 ita
559 3901 812 4011 venditionis
843 3900 1075 4012 facilitati,
1121 3909 1161 4000 δι
1192 3905 1485 4014 emolumento

1366 4055 1490 4126 unlus.
