3592 5150
457 529 527 606 150
660 503 863 581 rnuux
919 505 1264 587 urrunnun

455 615 1474 723 ξω

438 779 602 894 salutis
642 765 974 854 MCCCCLXX.
1001 761 1071 846 die
1093 781 1191 848 uero
1207 771 1342 853 tertia
1363 803 1481 860 men.

430 897 495 1007 βε
523 883 686 1002 augusti
701 946 713 970 .
747 882 878 968 Paulo
906 885 1057 966 ‚Veneto
1101 885 1214 995 Papa
1240 891 1304 990 ΙΙ,
1316 890 1478 1000 floren.

448 1033 519 1114 te,
539 1005 748 1106 annot-jus
775 1005 849 1088 Vl.
882 1003 924 1083 in
945 998 1020 1084 fol.
1048 998 1142 1112 (a).
1322 1015 1481 1099 osve-

458 1153 1479 1196 ----·---·—·-·······-·⁴'·---··-----

448 1276 483 1322 ne
493 1291 506 1324 ,
532 1262 569 1314 ut
597 1248 624 1334 fi
649 1246 722 1333 quid
755 1245 944 1328 imprimendo
969 1248 1062 1314 nollri
1085 1246 1213 1330 artifices
1237 1249 1393 1322 errarint,
1419 1265 1455 1314 tu

443 1357 485 1444 fit
506 1350 594 1415 etium
626 1345 789 1409 emendandi
827 1365 923 1418 cura,
949 1348 1059 1434 quiret
1082 1349 1148 1408 brer
1185 1343 1243 1427 legi
1285 1364 1303 1408 a
1332 1271 1477 1429 ploretis

442 1446 578 1538 pollent,
600 1441 831 1530 sedulitatem
850 1436 965 1527 effrcr'flr'
980 1485 989 1505 .
1013 1441 1107 1511 Vale.
1132 1441 1180 1504 Ex
1196 1436 1250 1502 hac
1273 1440 1401 1526 epistola
1416 1435 1477 1505 lla-¹

450 1533 511 1614 eim
534 1538 678 1612 constat,
705 1538 783 1622 quid
815 1539 980 1602 contineat
1000 1535 1075 1606 haec
1103 1537 1235 1611 editio,
1259 1537 1293 1600 dc
1312 1539 1344 1600 in
1370 1561 1435 1628 quo
1457 1563 1474 1603 a

451 1642 579 1708 duobus
606 1633 826 1720 superioribus
847 1629 975 1699 differat
998 1681 1007 1700 .
1033 1632 1207 1725 Sequentia
1236 1651 1344 1700 autern
1365 1641 1405 1702 de
1431 1636 1481 1702 his

447 1733 630 1804 VIRGlLll
658 1727 853 1796 editionibus
879 1732 1072 1800 observanda
1095 1735 1186 1800 lunt.
1210 1730 1237 1798 Ι.
1265 1738 1360 1800 Anno
1377 1759 1479 1815 147¹·

446 1839 499 1902 die
519 1832 607 1896 Xlll.
643 1827 824 1893 novembris
848 1830 925 1894 duas
951 1837 1014 1912 jam
1040 1833 1181 1924 vulgatas
1208 1827 1322 1908 luilse,
1348 1837 1422 1922 quia
1443 1835 1477 1899 in

445 1933 551 1999 indice
564 1963 583 2005 ‚·
604 1925 774 1992 &vlibello
798 1923 854 1992 hac
881 1929 934 1992 die
949 1931 988 1995 ab
1003 1929 1067 1996 illis
1089 1930 1256 2020 opificibus
1281 1933 1410 1998 SIXTO
1422 1932 1477 1996 IV.

444 2031 556 2095 oblato
576 2040 795 2113 memorantur
815 2045 895 2106 550.
920 2029 1138 2115 exemplaria,
1166 2030 1223 2112 qui
1249 2051 1397 2095 numerus
1413 2032 1476 2096 in.·

447 2132 525 2194 duas
549 2138 655 2212 parter
678 2121 799 2216 'divisus
822 2127 973 2210 producit
1006 2148 1117 2207 275.,
1142 2127 1177 2192 ἃ
1209 2143 1280 2191 erat
1308 2128 1475 2194 consuetus

441 2226 605 2292 Codicum
630 2222 735 2308 operis
744 2265 756 2296 ‚
782 2226 878 2310 quod*
897 2241 972 2292 tunc
996 2225 1216 2310 imprimerent
1240 2225 1290 2290 illi
1319 2227 1472 2312 opifices,

441 2340 595 2388 numerus
614 2348 634 2384 ·.
667 2319 707 2383 ll.
736 2317 990 2388 POMPONIUM
1023 2321 1202 2388 LAETUM
1241 2325 1324 2408 apud
1351 2325 1473 2386 PAUL-

441 2421 530 2486 LUM
550 2420 593 2484 ΙΙ.
616 2415 698 2482 male
723 2435 890 2506 exceptum
920 2418 1007 2487 luille
1034 2463 1046 2496 ,
1073 2423 1151 2486 srcut
1181 2417 1272 2506 supra
1310 2419 1472 2508 obsernpvi

440 2521 518 2607 Cap.
541 2517 597 2584 IV.
619 2520 731 2583 adnot.
756 2528 862 2596 116„
888 2523 1031 2607 adeoque
1054 2515 1473 2592 JOH..ANDREAM110u

445 2612 532 2684 fu'ille
554 2619 635 2682 adeo
660 2617 905 2703 impudentem,
929 2638 965 2685 ut
978 2616 1142 2687 PAULLO
1174 2614 1278 2683 adhue
1314 2620 1470 2685 viventes

444 2736 643 2780 communem
665 2716 743 2792 uni,
771 2715 804 2779 8(
832 2716 926 2783 alteri
949 2718 1181 2789 dedicatoriam
1194 2717 1359 2802 epistolam
1382 2721 1470 2783 fron-

441 2813 468 2878 ti
501 2813 695 2904 Virgilianae
728 2814 882 2879 editionis
914 2820 1127 2905 praefigeret.
1152 2820 1358 2908 Qrapropter
1382 2816 1471 2896 hujus

443 2912 596 2977 editionis
625 2912 711 2975 nulla
738 2908 914 2979 habebatur
932 2916 1015 2981 ratio
1036 2936 1054 2977 a
1074 2912 1325 3002 OONRADO„
1338 2912 1371 2977 &
1395 2914 1470 2975 AR-

441 3008 596 3072 NOLDO
629 3010 661 3072 in
689 3029 823 3071 numero
845 3030 924 3091 550.
951 3010 1207 3097 exemplarium,
1235 3012 1342 3097 sicque
1365 3007 1469 3095 polie-

441 3107 509 3169 rior
528 3105 626 3171 debet
652 3100 712 3171 elle
744 3107 856 3176 erbeus
884 3116 1013 3197 Lyranir
1026 3107 1101 3177 haec
1117 3106 1344 3176 POMPONIO
1363 3108 1468 3174 dicate

439 3205 565 3285 editio.
591 3203 696 3282 Multa
714 3200 814 3269 adhuc
829 3208 914 3274 circa
930 3212 991 3275 tria
1005 3206 1080 3281 baec
1102 3206 1218 3272 diversi
1226 3205 1349 3295 generis
1363 3203 1465 3291 Virgi-

437 3300 511 3365 liaui
526 3301 658 3368 Codicis
671 3305 863 3389 exemplaria
884 3308 1071 3395 inquirenda
1083 3350 1094 3381 ,
1108 3305 1267 3391 dubiaque
1280 3302 1464 3367 resolvenda

435 3395 579 3466 ellenon
609 3400 744 3487 ignoro,
767 3400 819 3467 led
843 3401 918 3471 baec
935 3408 974 3471 ad
990 3406 1181 3471 eruditiores
1206 3398 1462 3489 bibliographos,

436 3498 596 3578 remitt03
614 3495 691 3565 mihi
712 3496 845 3565 sufficiat
856 3496 974 3571 dedisse
998 3504 1113 3568 variam
1127 3500 1218 3563 unius
1230 3499 1268 3560 ab
1282 3503 1384 3573 altero
1415 3503 1464 3567 di-

435 3594 665 3683 screpantiam.
682 3596 746 3661 Has
767 3614 874 3663 autern
892 3598 1050 3670 rarissimas
1063 3592 1121 3663 elle
1143 3588 1299 3661 rrecell'um
1323 3596 1368 3665 est
1378 3622 1390 3680 3
1406 3600 1460 3667 vix
1482 3656 1487 3667 .

434 3692 522 3757 enim
532 3714 611 3760 unus
626 3691 672 3760 est
685 3693 990 3783 bibliograph'usqui
1004 3714 1095 3762 unam
1108 3694 1235 3774 nouerit
1257 3696 1286 3758 V
1286 3696 1462 3785 irgilianam

433 3786 609 3859 editionem
620 3813 638 3855 e
649 3792 763 3875 praelis
774 3792 971 3858 CONRADI
989 3838 1001 3868 ,
1017 3793 1049 3859 &
1062 3791 1259 3884 ARNOLDI
1274 3801 1433 3886 uulgatum
1448 3842 1458 3863 .

494 3893 543 3979 (r)
581 3890 680 3974 Operi
705 3906 855 3976 praeeunt
881 3910 1017 3977 quatuor
1043 3892 1123 3965 folia¹
1150 3892 1383 3979 praefationis,
1425 3893 1459 3959 δε

1412 4012 1458 4059 ιη-
