3592 5150
152 3512 175 3733 ‘'u-“7''-

1058 491 1472 577 CAPUT
1554 499 2272 581 SECUNDUM
2334 453 2360 533 s
2577 530 2683 604 -57

659 636 2673 699 Μ

637 776 1012 865 usuvenit
1068 831 1094 873 ‚
1160 774 1413 883 poss'et
1489 770 1879 885 suspicari
1922 830 1945 855 .
2037 784 2444 869 Ceterum
2531 815 2677 872 va·-

634 899 941 981 riantes
1021 892 1413 977 lectiones
1465 942 1492 989 ‚
1588 918 1785 1003 quas
1872 912 2304 1005 tamquam
2397 924 2672 991 extra..

635 1018 801 1096 &as
865 1033 959 1093 ex
1032 1005 1408 1094 editione
1457 1007 1649 1091 anni
1713 1010 1961 1117 1465.
2026 1009 2412 1125 supponit
2490 1023 2672 1105 Sal-

628 1124 982 1235 masius‘,
1052 1125 1395 1211 eaedem
1436 1124 1780 1209 omnino
1825 1128 2064 1229 sunt,
2170 1160 2260 1215 ac
2331 1162 2538 1247 quae
2591 1142 2674 1222 in

630 1245 1002 1333 editione
1032 1236 1628 1328 Mediolanensi
1673 1246 1865 1327 anni
1920 1274 2170 1353 1475.
2217 1246 2613 1359 leguntur
2641 1310 2686 1353 .,

646 1381 650 1385 ’
746 1364 1188 1445 Praeterea
1226 1356 1497 1443 nullus
1589 1378 1869 1444 certae
1917 1362 2116 1447 fidei
2153 1366 2418 1449 codex
2475 1400 2666 1457 cum

624 1480 819 1567 anni
868 1496 1071 1562 nota
1141 1474 1605 1559 Mediolani
1654 1477 1925 1560 editus
2010 1481 2388 1586 apparuit
2469 1512 2666 1573 ante

622 1625 806 1683 ann.
860 1616 1111 1703 1470.
1156 1592 1412 1711 Quod
1464 1594 1683 1677 enim
1734 1590 1839 1677 de
1916 1598 2343 1694 Aratore,
2409 1613 2521 1690 θ’
2579 1631 2658 1685 e..

604 1712 944 1827 pt’stolis
997 1709 1465 1822 illustrium
1519 1712 1896 1795 virorum
1933 1739 2143 1796 anno
2183 1714 2433 1822 1469.
2472 1720 2662 1801 Me—
2711 1811 2715 1815 .

629 1830 957 1915 dietant
1010 1823 1390 1939 Impresp's
1447 1828 1733 1914 scribit
1770 1834 1832 1910 S
1841 1830 2136 1928 axius,
2193 1830 2662 1924 fabulosum

624 1949 735 2035 est
791 1946 1047 2060 (88).
1098 1942 1437 2055 Insuper
1477 1942 1946 2058 Philelphus
1997 1946 2457 2035 Mediolani
2509 1954 2659 2039 de-

2402 2096 2652 2181 gen3‚

502 2328 510 2333 ·
622 2296 819 2363 stabat
890 2293 1153 2381 quidam
1211 2290 1468 2355 natione
1534 2286 1732 2355 Italus
1778 2334 1804 2365 ,
1874 2290 2246 2381 cognomine
2309 2292 2644 2374 LAVINI,

616 2392 900 2481 apprime
955 2388 1159 2454 bacin
1206 2408 1272 2453 re
1304 2385 1593 2452 eruditus
1626 2430 1651 2461 ‚
1699 2389 1806 2453 sed
1851 2390 2188 2454 Sabandiae
2239 2388 2648 2483 Rex.paullo

617 2490 751 2583 post
801 2487 997 2578 ipsum
1041 2502 1352 2574 perpetuo
1408 2504 1653 2549 carcere
1708 2487 2137 2574 mancipavit.
2212 2505 2216 2511 ·

712 2593 866 2679 (88)
917 2587 1205 2652 Aratoris
1272 2581 1642 2650 Subdiaconi
1708 2586 1909 2669 poclis
1965 2587 2048 2651 de
2101 2587 2435 2680 insignibus
2477 2595 2651 2679 Apo·

609 2687 913 2754 stolorum
984 2681 1239 2749 Ae'iibus
1288 2681 1471 2766 impr.
1512 2679 1862 2745 Mediolani
1915 2691 2119 2762 1469.
2183 2706 2307 2753 non
2358 2685 2649 2752 exsisten-

609 2785 705 2852 tia
750 2784 963 2849 facile.
1000 2775 1285 2846 constat.
1336 2777 1499 2841 Fons
1549 2780 1714 2843 enim
1737 2823 1762 2864 ,
1807 2781 1969 2843 unde
2027 2799 2190 2866 opus
2239 2783 2396 2846 illud
2448 2782 2649 2859 hausit

613 2883 944 2956 sAXIUS,
991 2875 1080 2946 est
1127 2876 1322 2942 index
1377 2873 1808 2941 Bibliothecae
1857 2875 2224 2944 Barberinae
2292 2881 2460 2944 curis
2509 2882 2643 2946 LU-

610 2983 784 3046 CAE
841 2973 1298 3042 HOLSTENII
1344 2971 1673 3061 dispositus
1723 2972 1910 3038 Tom.
1954 2967 2054 3049 L',
2106 2977 2174 3054 in
2213 2997 2344 3065 quo
2387 2979 2477 3042 ita
2527 2980 2647 3044 rei-

612 3077 717 3167 psa
758 3076 1159 3141 annuntiatur
1191 3116 1210 3135 .
1257 3073 1420 3139 Cum
1473 3087 1689 3135 autem
1730 3092 1851 3158 ope
1901 3072 2074 3138 illius
2124 3075 2352 3140 indicis
2399 3075 2643 3142 librum.

608 3177 675 3241 in
716 3169 1109 3238 Bibliotheca
1146 3171 1576 3255 perquirerem
1616 3213 1639 3243 ,
1691 3171 2008 3236 anaorem
2039 3169 2198 3238 hunc
2244 3174 2446 3260 reperi
2488 3175 2638 3264 qui-.-

606 3276 756 3340 dem
785 3317 810 3348 ‚
863 3269 969 3338 sed
1012 3262 1361 3354 impreffum
1404 3266 1749 3331 Mediolani
1789 3269 1855 3331 in
1890 3279 1956 3335 8.
2001 3289 2167 3334 anno
2199 3280 2408 3350 ¹569·
2437 3316 2460 3351 ‚
2511 3291 2641 3335 nou

610 3391 762 3441 vero
826 3377 1031 3450 1469.
1077 3366 1241 3429 Hinc
1294 3363 1567 3429 redicula
1619 3362 1773 3428 mihi
1819 3364 2072 3433 videtur
2120 3365 2371 3434 assertio
2420 3373 2634 3436 aufto-

596 3467 695 3531 .ris
741 3471 977 3540 Hifior.
1030 3467 1371 3531 litterariae
1420 3465 1660 3528 Italicae
1704 3462 1888 3549 impr.
1922 3467 2206 3535 Mutinae
2244 3489 2394 3547 anno
2433 3490 2456 3532 1
2481 3488 2511 3543 7
2527 3485 2634 3547 73·
2674 3465 2678 3472 ’

606 3561 797 3628 Tom.
860 3565 976 3629 111.
1043 3585 1183 3650 pag.
1249 3569 1407 3644 362.
1436 3603 1460 3635 ,
1512 3560 1620 3625 ubi
1684 3559 1852 3625 inter
1905 3563 2215 3650 principes
2260 3563 2627 3635 editiones,

480 3714 486 3720 .
601 3661 844 3748 quibus
895 3660 1037 3724 usus
1095 3656 1181 3723 est
1225 3660 1295 3724 in
1338 3659 1448 3724 suo
1505 3660 1866 3722 adornando
1915 3681 2105 3747 opere
2133 3706 2157 3736 ,
2207 3659 2354 3724 hanc
2397 3660 2634 3746 allegat

603 3757 901 3829 Aratoris
966 3757 1317 3830 editionem
1359 3755 1890 3822 Mediolanensem
1941 3760 2082 3821 anni
2146 3767 2351 3839 ¹4⁶9·
2396 3759 2635 3821 Pariter

600 3850 954 3921 exsistentia
1020 3850 1328 3942 epistolar.
1408 3848 1630 3934 illustr.
1698 3855 1976 3927 virorum
2038 3875 2200 3930 anno
2255 3864 2382 3933 146
2392 3883 2460 3938 9·
2499 3853 2637 3916 Me-

2466 3952 2633 4025 'dio'-
